<record xmlns="http://www.loc.gov/MARC21/slim">
<!-- Indicator length at offset 10 should hold a digit. Assuming 2 -->
<!-- Identifier length at offset 11 should hold a digit. Assuming 2 -->
<!-- Length data entry at offset 20 should hold a digit. Assuming 4 -->
<!-- Length starting at offset 21 should hold a digit. Assuming 5 -->
<!-- Length implementation at offset 22 should hold a digit. Assuming 0 -->
  <leader>01490cim a2200289Ia 450 </leader>
  <controlfield tag="001">243249</controlfield>
  <controlfield tag="007">sd bsmenn||||e</controlfield>
  <controlfield tag="008">720216s1970    nyunnn         z    eng  </controlfield>
  <datafield tag="010" ind1=" " ind2=" ">
    <subfield code="a">   71751385 </subfield>
  </datafield>
  <datafield tag="040" ind1=" " ind2=" ">
    <subfield code="a">DLC</subfield>
    <subfield code="c">LEC</subfield>
    <subfield code="d">OCL</subfield>
    <subfield code="d">BGU</subfield>
    <subfield code="d">OCLCQ</subfield>
    <subfield code="d">COO</subfield>
    <subfield code="d">OCLCG</subfield>
  </datafield>
  <datafield tag="028" ind1="0" ind2="2">
    <subfield code="a">TC 1324</subfield>
    <subfield code="b">Caedmon</subfield>
  </datafield>
  <datafield tag="043" ind1=" " ind2=" ">
    <subfield code="a">n-us-al</subfield>
  </datafield>
  <datafield tag="050" ind1=" " ind2="4">
    <subfield code="a">F326</subfield>
    <subfield code="b">.A171 1970</subfield>
  </datafield>
  <datafield tag="082" ind1="0" ind2="4">
    <subfield code="a">917.61</subfield>
    <subfield code="b">Ag32, L56</subfield>
  </datafield>
  <datafield tag="100" ind1="1" ind2=" ">
    <subfield code="a">Agee, James,</subfield>
    <subfield code="d">1909-1955.</subfield>
    <subfield code="4">aut</subfield>
  </datafield>
  <datafield tag="245" ind1="1" ind2="0">
    <subfield code="a">Let us now praise famous men</subfield>
    <subfield code="h">[sound recording] /</subfield>
    <subfield code="c">James Agee [and] Walker Evans.</subfield>
  </datafield>
  <datafield tag="260" ind1=" " ind2=" ">
    <subfield code="a">New York, N.Y. :</subfield>
    <subfield code="b">Caedmon,</subfield>
    <subfield code="c">[1970]</subfield>
  </datafield>
  <datafield tag="300" ind1=" " ind2=" ">
    <subfield code="a">1 sound disc (54 min.) :</subfield>
    <subfield code="b">analog, 33 1/3 rpm, stereo. ;</subfield>
    <subfield code="c">12 in.</subfield>
  </datafield>
  <datafield tag="511" ind1="0" ind2=" ">
    <subfield code="a">Read by Ruby Dee and George Grizzard.</subfield>
  </datafield>
  <datafield tag="500" ind1=" " ind2=" ">
    <subfield code="a">Notes by Harvey Simmonds on container.</subfield>
  </datafield>
  <datafield tag="500" ind1=" " ind2=" ">
    <subfield code="a">"This recording consists of excerpts drawn from selected sections of the book. Abridgment for Caedmon Records by Barbara Holdridge."</subfield>
  </datafield>
  <datafield tag="505" ind1="0" ind2=" ">
    <subfield code="a">"All over Alabama, the lamps are out" -- A country letter -- "There are on this hill three such families I would tell you of: the Gudgers, and the Woods, and besides these, The Ricketts -- Colon -- Money -- Clothing: Saturday ; Mrs. Gudger ; Overalls ; Past: Mrs. Gudger -- Work.</subfield>
  </datafield>
  <datafield tag="520" ind1=" " ind2=" ">
    <subfield code="a">"This recording consists of excerpts drawn from selected sections of the book. Abrdigment for Caedmon Records by Barbara Holdridge" -- Program guide.</subfield>
  </datafield>
  <datafield tag="651" ind1=" " ind2="0">
    <subfield code="a">Alabama</subfield>
    <subfield code="x">Social conditions.</subfield>
  </datafield>
  <datafield tag="700" ind1="1" ind2=" ">
    <subfield code="a">Evans, Walker,</subfield>
    <subfield code="d">1903-1975.</subfield>
    <subfield code="4">aut</subfield>
  </datafield>
  <datafield tag="700" ind1="1" ind2=" ">
    <subfield code="a">Dee, Ruby.</subfield>
    <subfield code="4">prf</subfield>
  </datafield>
  <datafield tag="700" ind1="1" ind2=" ">
    <subfield code="a">Grizzard, George.</subfield>
    <subfield code="4">prf</subfield>
  </datafield>
</record>