<record xmlns="http://www.loc.gov/MARC21/slim">
<!-- Indicator length at offset 10 should hold a digit. Assuming 2 -->
<!-- Identifier length at offset 11 should hold a digit. Assuming 2 -->
<!-- Length data entry at offset 20 should hold a digit. Assuming 4 -->
<!-- Length starting at offset 21 should hold a digit. Assuming 5 -->
<!-- Length implementation at offset 22 should hold a digit. Assuming 0 -->
  <leader>00862cim a2200241Ia 450 </leader>
  <controlfield tag="001">288738</controlfield>
  <controlfield tag="008">720419s1968    nyunnn         z    eng  </controlfield>
  <controlfield tag="007">sd bsmenn||||e</controlfield>
  <datafield tag="010" ind1=" " ind2=" ">
    <subfield code="a">r  68003477 </subfield>
  </datafield>
  <datafield tag="040" ind1=" " ind2=" ">
    <subfield code="a">DLC</subfield>
    <subfield code="c">WSU</subfield>
    <subfield code="d">OCL</subfield>
    <subfield code="d">SER</subfield>
    <subfield code="d">OCL</subfield>
    <subfield code="d">BGU</subfield>
    <subfield code="d">OCLCQ</subfield>
    <subfield code="d">OCLCG</subfield>
  </datafield>
  <datafield tag="019" ind1=" " ind2=" ">
    <subfield code="a">5453317</subfield>
  </datafield>
  <datafield tag="028" ind1="0" ind2="2">
    <subfield code="a">TC 1263</subfield>
    <subfield code="b">Caedmon</subfield>
  </datafield>
  <datafield tag="050" ind1=" " ind2="4">
    <subfield code="a">HM278</subfield>
    <subfield code="b">.T45 1968</subfield>
  </datafield>
  <datafield tag="100" ind1="1" ind2=" ">
    <subfield code="a">Thoreau, Henry David,</subfield>
    <subfield code="d">1817-1862.</subfield>
    <subfield code="4">aut</subfield>
  </datafield>
  <datafield tag="245" ind1="1" ind2="0">
    <subfield code="a">Civil disobedience</subfield>
    <subfield code="h">[sound recording] /</subfield>
    <subfield code="c">Henry David Thoreau.</subfield>
  </datafield>
  <datafield tag="260" ind1=" " ind2=" ">
    <subfield code="a">New York N.Y. :</subfield>
    <subfield code="b">Caedmon,</subfield>
    <subfield code="c">[1968]</subfield>
  </datafield>
  <datafield tag="300" ind1=" " ind2=" ">
    <subfield code="a">1 sound disc (54 min.) :</subfield>
    <subfield code="b">analog, 33 1/3 rpm, stereo. ;</subfield>
    <subfield code="c">12 in.</subfield>
  </datafield>
  <datafield tag="511" ind1="0" ind2=" ">
    <subfield code="a">Read by Archibald MacLeish.</subfield>
  </datafield>
  <datafield tag="500" ind1=" " ind2=" ">
    <subfield code="a">Playable also on monaural equipment.</subfield>
  </datafield>
  <datafield tag="500" ind1=" " ind2=" ">
    <subfield code="a">Program notes by Archibald MacLeish on container.</subfield>
  </datafield>
  <datafield tag="650" ind1=" " ind2="0">
    <subfield code="a">Government, Resistance to.</subfield>
  </datafield>
  <datafield tag="650" ind1=" " ind2="0">
    <subfield code="a">Civil disobedience.</subfield>
  </datafield>
  <datafield tag="700" ind1="1" ind2=" ">
    <subfield code="a">MacLeish, Archibald,</subfield>
    <subfield code="d">1892-1982.</subfield>
    <subfield code="4">prf</subfield>
  </datafield>
</record>