<record xmlns="http://www.loc.gov/MARC21/slim">
<!-- Indicator length at offset 10 should hold a digit. Assuming 2 -->
<!-- Identifier length at offset 11 should hold a digit. Assuming 2 -->
<!-- Length data entry at offset 20 should hold a digit. Assuming 4 -->
<!-- Length starting at offset 21 should hold a digit. Assuming 5 -->
<!-- Length implementation at offset 22 should hold a digit. Assuming 0 -->
  <leader>01197cim a2200301Ia 450 </leader>
  <controlfield tag="001">344449</controlfield>
  <controlfield tag="008">720628s1967    nyunnn   efi   d    eng  </controlfield>
  <controlfield tag="007">sd bsmenn||||e</controlfield>
  <datafield tag="010" ind1=" " ind2=" ">
    <subfield code="a">r  67003564 </subfield>
  </datafield>
  <datafield tag="040" ind1=" " ind2=" ">
    <subfield code="a">DLC</subfield>
    <subfield code="c">WSU</subfield>
    <subfield code="d">OCL</subfield>
    <subfield code="d">BGU</subfield>
    <subfield code="d">OCL</subfield>
    <subfield code="d">OCLCG</subfield>
    <subfield code="d">MTG</subfield>
    <subfield code="d">RIOSL</subfield>
  </datafield>
  <datafield tag="019" ind1=" " ind2=" ">
    <subfield code="a">3288542</subfield>
    <subfield code="a">6103704</subfield>
  </datafield>
  <datafield tag="028" ind1="0" ind2="2">
    <subfield code="a">TRS-323</subfield>
    <subfield code="b">Caedmon</subfield>
  </datafield>
  <datafield tag="041" ind1="1" ind2=" ">
    <subfield code="a">eng</subfield>
    <subfield code="h">fre</subfield>
  </datafield>
  <datafield tag="050" ind1="1" ind2="4">
    <subfield code="a">PQ2617.O6</subfield>
    <subfield code="b">C53</subfield>
  </datafield>
  <datafield tag="100" ind1="1" ind2=" ">
    <subfield code="a">Ionesco, Eugène.</subfield>
    <subfield code="4">aut</subfield>
  </datafield>
  <datafield tag="245" ind1="1" ind2="4">
    <subfield code="a">The chairs</subfield>
    <subfield code="h">[sound recording] /</subfield>
    <subfield code="c">Eugene Ionesco.</subfield>
  </datafield>
  <datafield tag="260" ind1=" " ind2=" ">
    <subfield code="a">New York, N.Y. :</subfield>
    <subfield code="b">Caedmon,</subfield>
    <subfield code="c">[1967]</subfield>
  </datafield>
  <datafield tag="300" ind1=" " ind2=" ">
    <subfield code="a">2 sound discs (118 min.) :</subfield>
    <subfield code="b">analog, 33 1/3 rpm, stereo. ;</subfield>
    <subfield code="c">12 in.</subfield>
  </datafield>
  <datafield tag="306" ind1=" " ind2=" ">
    <subfield code="a">011745</subfield>
  </datafield>
  <datafield tag="511" ind1="0" ind2=" ">
    <subfield code="a">Play; starring Siobhán McKenna and Cyril Cusack, with the author as narrator ; Howard Sackler, director.</subfield>
  </datafield>
  <datafield tag="500" ind1=" " ind2=" ">
    <subfield code="a">Automatic sequence.</subfield>
  </datafield>
  <datafield tag="500" ind1=" " ind2=" ">
    <subfield code="a">Duration: 1 hr., 17 min., 45 sec.</subfield>
  </datafield>
  <datafield tag="500" ind1=" " ind2=" ">
    <subfield code="a">Synopsis on container: "A view by the critic, by Leonard C. Pronko," and "A view by the author, by Eli Wallach," and biographical sketches (16 p.) laid in.</subfield>
  </datafield>
  <datafield tag="655" ind1=" " ind2="7">
    <subfield code="a">French drama</subfield>
    <subfield code="y">20th century.</subfield>
    <subfield code="2">lcsh</subfield>
  </datafield>
  <datafield tag="650" ind1=" " ind2="0">
    <subfield code="a">Drama, French.</subfield>
  </datafield>
  <datafield tag="700" ind1="1" ind2=" ">
    <subfield code="a">McKenna, Siobhán,</subfield>
    <subfield code="d">1923-1986.</subfield>
    <subfield code="4">prf</subfield>
  </datafield>
  <datafield tag="700" ind1="1" ind2=" ">
    <subfield code="a">Cusack, Cyril,</subfield>
    <subfield code="d">1910-1993.</subfield>
    <subfield code="4">prf</subfield>
  </datafield>
  <datafield tag="700" ind1="1" ind2=" ">
    <subfield code="a">Sackler, Howard.</subfield>
    <subfield code="4">drt</subfield>
  </datafield>
</record>