<record xmlns="http://www.loc.gov/MARC21/slim">
<!-- Indicator length at offset 10 should hold a digit. Assuming 2 -->
<!-- Identifier length at offset 11 should hold a digit. Assuming 2 -->
<!-- Length data entry at offset 20 should hold a digit. Assuming 4 -->
<!-- Length starting at offset 21 should hold a digit. Assuming 5 -->
<!-- Length implementation at offset 22 should hold a digit. Assuming 0 -->
  <leader>00626cjm a2200157I  450 </leader>
  <controlfield tag="001">429272</controlfield>
  <controlfield tag="008">721013nuuuuuuuuxx syn              eng d</controlfield>
  <datafield tag="040" ind1=" " ind2=" ">
    <subfield code="a">MRC</subfield>
    <subfield code="c">MRC</subfield>
    <subfield code="d">OCL</subfield>
    <subfield code="d">OCLCQ</subfield>
    <subfield code="d">OCLCG</subfield>
  </datafield>
  <datafield tag="100" ind1="1" ind2=" ">
    <subfield code="a">Mahler, Gustav,</subfield>
    <subfield code="d">1860-1911.</subfield>
  </datafield>
  <datafield tag="240" ind1="1" ind2="0">
    <subfield code="a">Symphonies,</subfield>
    <subfield code="n">no. 5,</subfield>
    <subfield code="r">C♯ minor</subfield>
  </datafield>
  <datafield tag="245" ind1="0" ind2="0">
    <subfield code="a">Sinfonie Nr. 5, cis-moll. Sinfonie Nr. 10, Fis-dur</subfield>
    <subfield code="h">[sound recording].</subfield>
  </datafield>
  <datafield tag="262" ind1=" " ind2=" ">
    <subfield code="b">Philips</subfield>
    <subfield code="c">2600-256.</subfield>
    <subfield code="d">[n.d.]</subfield>
  </datafield>
  <datafield tag="305" ind1=" " ind2=" ">
    <subfield code="a">3 s.</subfield>
    <subfield code="b">12 in.</subfield>
    <subfield code="c">33 1/3 rpm.</subfield>
    <subfield code="d">microgroove.</subfield>
    <subfield code="e">stereophonic.</subfield>
  </datafield>
  <datafield tag="511" ind1=" " ind2=" ">
    <subfield code="a">The Concertgebouw Orchestra, Amsterdam; Bernard Haitink, conductor.</subfield>
  </datafield>
  <datafield tag="650" ind1=" " ind2="0">
    <subfield code="a">Symphonies.</subfield>
  </datafield>
  <datafield tag="700" ind1="1" ind2=" ">
    <subfield code="a">Mahler, Gustav,</subfield>
    <subfield code="d">1860-1911.</subfield>
    <subfield code="t">Symphonies,</subfield>
    <subfield code="n">no. 10,</subfield>
    <subfield code="r">F♯ major.</subfield>
  </datafield>
</record>