<record xmlns="http://www.loc.gov/MARC21/slim">
<!-- Indicator length at offset 10 should hold a digit. Assuming 2 -->
<!-- Identifier length at offset 11 should hold a digit. Assuming 2 -->
<!-- Length data entry at offset 20 should hold a digit. Assuming 4 -->
<!-- Length starting at offset 21 should hold a digit. Assuming 5 -->
<!-- Length implementation at offset 22 should hold a digit. Assuming 0 -->
  <leader>00444cjm a2200157I  450 </leader>
  <controlfield tag="001">445696</controlfield>
  <controlfield tag="008">721017q1970    xxujzn              zxx d</controlfield>
  <datafield tag="040" ind1=" " ind2=" ">
    <subfield code="a">MRC</subfield>
    <subfield code="c">MRC</subfield>
    <subfield code="d">OCL</subfield>
    <subfield code="d">OCLCQ</subfield>
  </datafield>
  <datafield tag="050" ind1=" " ind2="4">
    <subfield code="a">M1366.M64</subfield>
    <subfield code="b">P63 1970z</subfield>
  </datafield>
  <datafield tag="245" ind1="0" ind2="0">
    <subfield code="a">Plastic dreams.</subfield>
    <subfield code="h">[sound recording].</subfield>
  </datafield>
  <datafield tag="262" ind1=" " ind2=" ">
    <subfield code="b">Atlantic</subfield>
    <subfield code="c">M 51589.</subfield>
    <subfield code="d">[197-?]</subfield>
  </datafield>
  <datafield tag="305" ind1=" " ind2=" ">
    <subfield code="a">1 cassette.</subfield>
    <subfield code="e">stereo.</subfield>
  </datafield>
  <datafield tag="511" ind1=" " ind2=" ">
    <subfield code="a">By The Modern Jazz Quartet.</subfield>
  </datafield>
  <datafield tag="650" ind1=" " ind2="0">
    <subfield code="a">Jazz.</subfield>
  </datafield>
  <datafield tag="710" ind1="2" ind2=" ">
    <subfield code="a">Modern Jazz Quartet.</subfield>
    <subfield code="4">prf</subfield>
  </datafield>
  <datafield tag="994" ind1=" " ind2=" ">
    <subfield code="a">11</subfield>
    <subfield code="b">OCL</subfield>
    <subfield code="i">00004</subfield>
  </datafield>
</record>