<record xmlns="http://www.loc.gov/MARC21/slim">
<!-- Indicator length at offset 10 should hold a digit. Assuming 2 -->
<!-- Identifier length at offset 11 should hold a digit. Assuming 2 -->
<!-- Length data entry at offset 20 should hold a digit. Assuming 4 -->
<!-- Length starting at offset 21 should hold a digit. Assuming 5 -->
<!-- Length implementation at offset 22 should hold a digit. Assuming 0 -->
  <leader>00985cjm a2200241I  450 </leader>
  <controlfield tag="001">517689</controlfield>
  <controlfield tag="008">721214s1961    xx   n              zxx d</controlfield>
  <controlfield tag="007">sd bsmenn|||||</controlfield>
  <datafield tag="010" ind1=" " ind2=" ">
    <subfield code="a">r  61001155 </subfield>
  </datafield>
  <datafield tag="040" ind1=" " ind2=" ">
    <subfield code="a">WSU</subfield>
    <subfield code="c">WSU</subfield>
    <subfield code="d">OCL</subfield>
    <subfield code="d">OCLCQ</subfield>
    <subfield code="d">OCLCG</subfield>
    <subfield code="d">TXJ</subfield>
    <subfield code="d">UAB</subfield>
  </datafield>
  <datafield tag="028" ind1="0" ind2="0">
    <subfield code="a">MS 6261</subfield>
    <subfield code="b">Columbia</subfield>
  </datafield>
  <datafield tag="048" ind1=" " ind2=" ">
    <subfield code="a">kb01</subfield>
  </datafield>
  <datafield tag="050" ind1="1" ind2="4">
    <subfield code="a">M10.B11</subfield>
    <subfield code="b">.B54</subfield>
  </datafield>
  <datafield tag="100" ind1="1" ind2=" ">
    <subfield code="a">Bach, Johann Sebastian,</subfield>
    <subfield code="d">1685-1750.</subfield>
  </datafield>
  <datafield tag="240" ind1="1" ind2="0">
    <subfield code="a">Organ music.</subfield>
    <subfield code="k">Selections</subfield>
  </datafield>
  <datafield tag="245" ind1="1" ind2="0">
    <subfield code="a">Bach organ favorites</subfield>
    <subfield code="h">[sound recording].</subfield>
  </datafield>
  <datafield tag="262" ind1=" " ind2=" ">
    <subfield code="b">Columbia</subfield>
    <subfield code="c">MS 6261.</subfield>
    <subfield code="d">[1961]</subfield>
  </datafield>
  <datafield tag="305" ind1=" " ind2=" ">
    <subfield code="a">2 s.</subfield>
    <subfield code="c">12 in.</subfield>
    <subfield code="b">33 1/3 rpm. microgroove. stereophonic.</subfield>
  </datafield>
  <datafield tag="490" ind1="0" ind2=" ">
    <subfield code="a">Columbia masterworks</subfield>
  </datafield>
  <datafield tag="505" ind1="0" ind2=" ">
    <subfield code="a">Toccata and fugue in d minor (8:25) -- Passacaglia and fugue in c minor (13:30) -- Toccata, adagio and fugue in C major (14:10) -- Fugue in g minor (The "Little" g minor) (4:05) -- Fugue in F major (The "Jig" fugue) (3:15).</subfield>
  </datafield>
  <datafield tag="511" ind1="0" ind2=" ">
    <subfield code="a">E. Power Biggs, organist.</subfield>
  </datafield>
  <datafield tag="650" ind1=" " ind2="0">
    <subfield code="a">Canons, fugues, etc. (Organ)</subfield>
  </datafield>
  <datafield tag="700" ind1="1" ind2=" ">
    <subfield code="a">Biggs, E. Power</subfield>
    <subfield code="q">(Edward Power),</subfield>
    <subfield code="d">1906-1977.</subfield>
    <subfield code="4">itr</subfield>
  </datafield>
</record>