<record xmlns="http://www.loc.gov/MARC21/slim">
<!-- Indicator length at offset 10 should hold a digit. Assuming 2 -->
<!-- Identifier length at offset 11 should hold a digit. Assuming 2 -->
<!-- Length data entry at offset 20 should hold a digit. Assuming 4 -->
<!-- Length starting at offset 21 should hold a digit. Assuming 5 -->
<!-- Length implementation at offset 22 should hold a digit. Assuming 0 -->
  <leader>00638cjm a2200193I  450 </leader>
  <controlfield tag="001">536161</controlfield>
  <controlfield tag="008">730112nuuuuuuuuxx syn              zxx d</controlfield>
  <datafield tag="040" ind1=" " ind2=" ">
    <subfield code="a">WOO</subfield>
    <subfield code="c">WOO</subfield>
    <subfield code="d">OCL</subfield>
    <subfield code="d">OCLCQ</subfield>
    <subfield code="d">OCLCG</subfield>
  </datafield>
  <datafield tag="090" ind1=" " ind2=" ">
    <subfield code="a">M1101.B36</subfield>
    <subfield code="b">S8</subfield>
  </datafield>
  <datafield tag="100" ind1="1" ind2=" ">
    <subfield code="a">Barber, Samuel,</subfield>
    <subfield code="d">1910-1981.</subfield>
  </datafield>
  <datafield tag="240" ind1="1" ind2="0">
    <subfield code="a">Symphonies,</subfield>
    <subfield code="n">no. 1, op. 9</subfield>
  </datafield>
  <datafield tag="245" ind1="1" ind2="4">
    <subfield code="a">The first symphony</subfield>
    <subfield code="h">[sound recording].</subfield>
  </datafield>
  <datafield tag="262" ind1=" " ind2=" ">
    <subfield code="b">Classics Edition</subfield>
    <subfield code="c">CE1011</subfield>
  </datafield>
  <datafield tag="305" ind1=" " ind2=" ">
    <subfield code="a">1 s.</subfield>
    <subfield code="b">12 in.</subfield>
    <subfield code="c">33 1/3 rpm.</subfield>
    <subfield code="d">microgroove.</subfield>
  </datafield>
  <datafield tag="511" ind1=" " ind2=" ">
    <subfield code="a">Stolkholm Symphony Orchestra; Nils Lehmann, conductor.</subfield>
  </datafield>
  <datafield tag="501" ind1=" " ind2=" ">
    <subfield code="a">With composer's Songs. Selections.</subfield>
  </datafield>
  <datafield tag="650" ind1=" " ind2="0">
    <subfield code="a">Symphonies.</subfield>
  </datafield>
  <datafield tag="710" ind1="2" ind2=" ">
    <subfield code="a">Stolkholm Orchestra.</subfield>
    <subfield code="4">prf</subfield>
  </datafield>
  <datafield tag="700" ind1="1" ind2=" ">
    <subfield code="a">Lehmann, Nils.</subfield>
    <subfield code="4">prf</subfield>
  </datafield>
</record>