<record xmlns="http://www.loc.gov/MARC21/slim">
<!-- Indicator length at offset 10 should hold a digit. Assuming 2 -->
<!-- Identifier length at offset 11 should hold a digit. Assuming 2 -->
<!-- Length data entry at offset 20 should hold a digit. Assuming 4 -->
<!-- Length starting at offset 21 should hold a digit. Assuming 5 -->
<!-- Length implementation at offset 22 should hold a digit. Assuming 0 -->
  <leader>00709cjm a2200193I  450 </leader>
  <controlfield tag="001">537001</controlfield>
  <controlfield tag="008">730115s1960    xx rqn              ger d</controlfield>
  <datafield tag="040" ind1=" " ind2=" ">
    <subfield code="a">WOO</subfield>
    <subfield code="c">WOO</subfield>
    <subfield code="d">OCL</subfield>
    <subfield code="d">SER</subfield>
    <subfield code="d">OCL</subfield>
    <subfield code="d">OCLCQ</subfield>
    <subfield code="d">OCLCG</subfield>
  </datafield>
  <datafield tag="050" ind1=" " ind2="4">
    <subfield code="a">M1621.8.B5</subfield>
    <subfield code="b">E5</subfield>
  </datafield>
  <datafield tag="100" ind1="1" ind2=" ">
    <subfield code="a">Brahms, Johannes,</subfield>
    <subfield code="d">1833-1897.</subfield>
  </datafield>
  <datafield tag="240" ind1="1" ind2="0">
    <subfield code="a">Songs.</subfield>
    <subfield code="k">Selections</subfield>
  </datafield>
  <datafield tag="245" ind1="1" ind2="4">
    <subfield code="a">Ein Johannes-Brahms-Liederabend</subfield>
    <subfield code="h">[sound recording].</subfield>
  </datafield>
  <datafield tag="262" ind1=" " ind2=" ">
    <subfield code="b">Deutsche Grammophon Gesellschaft</subfield>
    <subfield code="c">LPM 18504.</subfield>
    <subfield code="d">[1960]</subfield>
  </datafield>
  <datafield tag="305" ind1=" " ind2=" ">
    <subfield code="a">2 s.</subfield>
    <subfield code="b">12 in.</subfield>
    <subfield code="c">33 1/3 rpm.</subfield>
    <subfield code="d">microgroove.</subfield>
  </datafield>
  <datafield tag="511" ind1=" " ind2=" ">
    <subfield code="a">Dietrich Fischer-Dieskau, baritone; Jörg Demus, piano.</subfield>
  </datafield>
  <datafield tag="500" ind1=" " ind2=" ">
    <subfield code="a">Sung in German.</subfield>
  </datafield>
  <datafield tag="650" ind1=" " ind2="0">
    <subfield code="a">Songs (Medium voice) with piano.</subfield>
  </datafield>
  <datafield tag="700" ind1="1" ind2=" ">
    <subfield code="a">Fischer-Dieskau, Dietrich,</subfield>
    <subfield code="d">1925-</subfield>
    <subfield code="4">prf</subfield>
  </datafield>
  <datafield tag="700" ind1="1" ind2=" ">
    <subfield code="a">Demus, Jörg,</subfield>
    <subfield code="d">1928-</subfield>
    <subfield code="4">prf</subfield>
  </datafield>
</record>