<record xmlns="http://www.loc.gov/MARC21/slim">
<!-- Indicator length at offset 10 should hold a digit. Assuming 2 -->
<!-- Identifier length at offset 11 should hold a digit. Assuming 2 -->
<!-- Length data entry at offset 20 should hold a digit. Assuming 4 -->
<!-- Length starting at offset 21 should hold a digit. Assuming 5 -->
<!-- Length implementation at offset 22 should hold a digit. Assuming 0 -->
  <leader>00783cgm a2200229I  450 </leader>
  <controlfield tag="001">537038</controlfield>
  <controlfield tag="007">go c|||f|</controlfield>
  <controlfield tag="008">730115s1948    xxu035            fneng c</controlfield>
  <datafield tag="010" ind1=" " ind2=" ">
    <subfield code="a">fia54001622 </subfield>
  </datafield>
  <datafield tag="040" ind1=" " ind2=" ">
    <subfield code="a">Encyclopædia Britannica Films</subfield>
    <subfield code="c">WSU</subfield>
    <subfield code="d">OCL</subfield>
  </datafield>
  <datafield tag="082" ind1=" " ind2=" ">
    <subfield code="a">511.2</subfield>
  </datafield>
  <datafield tag="090" ind1=" " ind2=" ">
    <subfield code="a">QA141</subfield>
    <subfield code="b">.E53</subfield>
  </datafield>
  <datafield tag="245" ind1="0" ind2="0">
    <subfield code="a">Reading numbers to 100.</subfield>
    <subfield code="h">Filmstrip</subfield>
  </datafield>
  <datafield tag="261" ind1=" " ind2=" ">
    <subfield code="a">Encyclopædia Britannica Films,</subfield>
    <subfield code="d">1948.</subfield>
  </datafield>
  <datafield tag="300" ind1=" " ind2=" ">
    <subfield code="a">35 fr.</subfield>
    <subfield code="b">b&amp;w.</subfield>
    <subfield code="c">35 mm.</subfield>
  </datafield>
  <datafield tag="490" ind1="1" ind2=" ">
    <subfield code="a">Using numbers</subfield>
  </datafield>
  <datafield tag="508" ind1=" " ind2=" ">
    <subfield code="a">Collaborators, John R. Clark, Caroline H. Clark.</subfield>
  </datafield>
  <datafield tag="520" ind1=" " ind2=" ">
    <subfield code="a">Teaches the recognition and reading of two-place numbers up to 100; explains the meaning, sequence, and use of these numbers.</subfield>
  </datafield>
  <datafield tag="650" ind1=" " ind2="0">
    <subfield code="a">Number concept.</subfield>
  </datafield>
  <datafield tag="710" ind1="2" ind2=" ">
    <subfield code="a">Encyclopaedia Britannica Films, inc.</subfield>
  </datafield>
  <datafield tag="830" ind1=" " ind2="0">
    <subfield code="a">Using numbers.</subfield>
  </datafield>
  <datafield tag="994" ind1=" " ind2=" ">
    <subfield code="a">11</subfield>
    <subfield code="b">OCL</subfield>
    <subfield code="i">00007</subfield>
  </datafield>
</record>