<record xmlns="http://www.loc.gov/MARC21/slim">
<!-- Indicator length at offset 10 should hold a digit. Assuming 2 -->
<!-- Identifier length at offset 11 should hold a digit. Assuming 2 -->
<!-- Length data entry at offset 20 should hold a digit. Assuming 4 -->
<!-- Length starting at offset 21 should hold a digit. Assuming 5 -->
<!-- Length implementation at offset 22 should hold a digit. Assuming 0 -->
  <leader>01388cim a2200277I  450 </leader>
  <controlfield tag="001">546795</controlfield>
  <controlfield tag="008">730129s1969    xx nnn         p    eng  </controlfield>
  <controlfield tag="007">sd bsme|||||||</controlfield>
  <datafield tag="010" ind1=" " ind2=" ">
    <subfield code="a">   72750025 </subfield>
  </datafield>
  <datafield tag="040" ind1=" " ind2=" ">
    <subfield code="a">DLC</subfield>
    <subfield code="c">WSU</subfield>
    <subfield code="d">OCL</subfield>
    <subfield code="d">OCLCQ</subfield>
    <subfield code="d">OCLCG</subfield>
    <subfield code="d">MNU</subfield>
    <subfield code="d">ABI</subfield>
    <subfield code="d">BGU</subfield>
  </datafield>
  <datafield tag="019" ind1=" " ind2=" ">
    <subfield code="a">3357244</subfield>
    <subfield code="a">7036367</subfield>
    <subfield code="a">14028143</subfield>
    <subfield code="a">29069868</subfield>
    <subfield code="a">33963099</subfield>
  </datafield>
  <datafield tag="028" ind1="0" ind2="2">
    <subfield code="a">TC 1233</subfield>
    <subfield code="b">Caedmon</subfield>
  </datafield>
  <datafield tag="045" ind1=" " ind2=" ">
    <subfield code="a">w3w9</subfield>
  </datafield>
  <datafield tag="050" ind1=" " ind2="4">
    <subfield code="a">PS3204</subfield>
    <subfield code="b">.B4</subfield>
  </datafield>
  <datafield tag="092" ind1=" " ind2=" ">
    <subfield code="a">811.38</subfield>
    <subfield code="b">W615c</subfield>
  </datafield>
  <datafield tag="100" ind1="1" ind2=" ">
    <subfield code="a">Whitman, Walt,</subfield>
    <subfield code="d">1819-1892.</subfield>
  </datafield>
  <datafield tag="245" ind1="1" ind2="0">
    <subfield code="a">Crossing Brooklyn Ferry,</subfield>
    <subfield code="b">and other poems.</subfield>
    <subfield code="h">[sound recording].</subfield>
  </datafield>
  <datafield tag="262" ind1=" " ind2=" ">
    <subfield code="b">Caedmon</subfield>
    <subfield code="c">TC 1233.</subfield>
    <subfield code="d">[1969]</subfield>
  </datafield>
  <datafield tag="305" ind1=" " ind2=" ">
    <subfield code="a">2 s.</subfield>
    <subfield code="b">12 in.</subfield>
    <subfield code="c">33 1/3 rpm.</subfield>
    <subfield code="d">microgroove.</subfield>
    <subfield code="e">stereophonic.</subfield>
  </datafield>
  <datafield tag="306" ind1=" " ind2=" ">
    <subfield code="a">004320</subfield>
  </datafield>
  <datafield tag="511" ind1=" " ind2=" ">
    <subfield code="a">Read by Ed Begley.</subfield>
  </datafield>
  <datafield tag="500" ind1=" " ind2=" ">
    <subfield code="a">Playable also on monaural equipment.</subfield>
  </datafield>
  <datafield tag="500" ind1=" " ind2=" ">
    <subfield code="a">Descriptive notes by John T. Ridley on slipcase.</subfield>
  </datafield>
  <datafield tag="505" ind1="0" ind2=" ">
    <subfield code="a">Crossing Brooklyn Ferry -- Song of myself, section 26 -- I sing the body electric, section 3 (from Children of Adam) -- No labor-saving machine (from Calamus) -- By blue Ontario's shore, section 17 -- Pioneers! O pioneers! (from Birds of passage) -- A song of the rolling earth, sections 1-4 -- The world below the brine (from Sea-drift) -- After the Sea-ship (from Sea-drift) -- A clear midnight (from From noon to starry night) -- Now finale to the shore (from Songs of parting)</subfield>
  </datafield>
  <datafield tag="650" ind1=" " ind2="0">
    <subfield code="a">American poetry</subfield>
    <subfield code="y">19th century.</subfield>
  </datafield>
  <datafield tag="700" ind1="1" ind2=" ">
    <subfield code="a">Begley, Ed,</subfield>
    <subfield code="d">1901-1970.</subfield>
    <subfield code="4">prf</subfield>
  </datafield>
</record>