<record xmlns="http://www.loc.gov/MARC21/slim">
<!-- Indicator length at offset 10 should hold a digit. Assuming 2 -->
<!-- Identifier length at offset 11 should hold a digit. Assuming 2 -->
<!-- Length data entry at offset 20 should hold a digit. Assuming 4 -->
<!-- Length starting at offset 21 should hold a digit. Assuming 5 -->
<!-- Length implementation at offset 22 should hold a digit. Assuming 0 -->
  <leader>01372cjm a2200205I  450 </leader>
  <controlfield tag="001">546863</controlfield>
  <controlfield tag="008">730129nuuuuuuuuxx   n              zxx d</controlfield>
  <controlfield tag="009">49</controlfield>
  <controlfield tag="007">sd bmme|||||||</controlfield>
  <datafield tag="040" ind1=" " ind2=" ">
    <subfield code="a">WOO</subfield>
    <subfield code="c">WOO</subfield>
    <subfield code="d">OCL</subfield>
    <subfield code="d">OCLCQ</subfield>
    <subfield code="d">TKN</subfield>
  </datafield>
  <datafield tag="048" ind1=" " ind2=" ">
    <subfield code="a">od</subfield>
  </datafield>
  <datafield tag="090" ind1=" " ind2=" ">
    <subfield code="a">M1200</subfield>
    <subfield code="b">.C65</subfield>
  </datafield>
  <datafield tag="245" ind1="0" ind2="0">
    <subfield code="a">Introducing a new generation of musicians.</subfield>
    <subfield code="h">[sound recording].</subfield>
  </datafield>
  <datafield tag="262" ind1=" " ind2=" ">
    <subfield code="b">Austin Custom Records</subfield>
    <subfield code="c">CS-33-6008-</subfield>
  </datafield>
  <datafield tag="305" ind1=" " ind2=" ">
    <subfield code="a">s.</subfield>
    <subfield code="c">12 in.</subfield>
    <subfield code="b">33 1/3 rpm. microgroove.</subfield>
  </datafield>
  <datafield tag="511" ind1=" " ind2=" ">
    <subfield code="a">The Concert Band, North Texas State University, School of Music.</subfield>
  </datafield>
  <datafield tag="500" ind1=" " ind2=" ">
    <subfield code="a">Title from slipcase.</subfield>
  </datafield>
  <datafield tag="505" ind1="0" ind2=" ">
    <subfield code="a">[pt. 1] Barnum and Bailey's favorite / King.  My fair lady / Loewe ; Bennett.  Folk song suite / Vaughan Williams.  March symphonique / Savine.  Manzoni Requiem. Excerpts / Verdi -- [pt. 2] Porter's Catalina band / McCaughey.  St. Lawrence suite / Gould.  King Orry / Wood.  Comedians, op. 26. Gallop / Kabalevsky ; Leidzen.  Passion in paint suite / René ; Werle.  Victoria waltz / Smith.  British eighth / Elliott ; Luckhardt.  Nocturnes. Fetes / Debussy ; Schaefer -- [pt. 3] Fingal's cave overture / Mendelssohn.  Cuban fantasy. Sea / Kepner.  Celebration overture / Creston.  January February march / Gillis.  Chorale prelude I and III / Latham.  Orb and sceptre / Walton. Stars and stripes forever / Sousa.</subfield>
  </datafield>
  <datafield tag="650" ind1=" " ind2="0">
    <subfield code="a">Band music.</subfield>
  </datafield>
  <datafield tag="710" ind1="2" ind2=" ">
    <subfield code="a">North Texas State University.</subfield>
    <subfield code="b">School of Music.</subfield>
    <subfield code="b">The Concert Band.</subfield>
  </datafield>
</record>