<record xmlns="http://www.loc.gov/MARC21/slim">
<!-- Indicator length at offset 10 should hold a digit. Assuming 2 -->
<!-- Identifier length at offset 11 should hold a digit. Assuming 2 -->
<!-- Length data entry at offset 20 should hold a digit. Assuming 4 -->
<!-- Length starting at offset 21 should hold a digit. Assuming 5 -->
<!-- Length implementation at offset 22 should hold a digit. Assuming 0 -->
  <leader>01005cgm a2200289I  450 </leader>
  <controlfield tag="001">551575</controlfield>
  <controlfield tag="008">730202s1953    ilu074 d          fneng  </controlfield>
  <controlfield tag="009">7</controlfield>
  <controlfield tag="007">go c|||f|</controlfield>
  <datafield tag="010" ind1=" " ind2=" ">
    <subfield code="a">fi 54001259 </subfield>
  </datafield>
  <datafield tag="040" ind1=" " ind2=" ">
    <subfield code="a">DLC</subfield>
    <subfield code="c">WSU</subfield>
    <subfield code="d">OCL</subfield>
    <subfield code="d">OCLCQ</subfield>
  </datafield>
  <datafield tag="019" ind1=" " ind2=" ">
    <subfield code="a">1155108</subfield>
    <subfield code="a">2588499</subfield>
  </datafield>
  <datafield tag="043" ind1=" " ind2=" ">
    <subfield code="a">x------</subfield>
  </datafield>
  <datafield tag="082" ind1=" " ind2="4">
    <subfield code="a">551</subfield>
  </datafield>
  <datafield tag="090" ind1=" " ind2=" ">
    <subfield code="a">QE501</subfield>
    <subfield code="b">.L5</subfield>
  </datafield>
  <datafield tag="245" ind1="0" ind2="4">
    <subfield code="a">The earth is born</subfield>
    <subfield code="h">[filmstrip].</subfield>
  </datafield>
  <datafield tag="261" ind1=" " ind2=" ">
    <subfield code="a">Life,</subfield>
    <subfield code="d">1953.</subfield>
    <subfield code="e">Made by Colortech Films.</subfield>
  </datafield>
  <datafield tag="300" ind1=" " ind2=" ">
    <subfield code="a">74 fr.,</subfield>
    <subfield code="b">color,</subfield>
    <subfield code="c">35 mm.</subfield>
  </datafield>
  <datafield tag="490" ind1="1" ind2=" ">
    <subfield code="a">The world we live in,</subfield>
    <subfield code="v">no. 1</subfield>
  </datafield>
  <datafield tag="500" ind1=" " ind2=" ">
    <subfield code="a">Eastman color.</subfield>
  </datafield>
  <datafield tag="500" ind1=" " ind2=" ">
    <subfield code="a">Based on the article of the same title by Lincoln Barnett and Antonio Petrucelli, which appeared in Life magazine.</subfield>
  </datafield>
  <datafield tag="520" ind1=" " ind2=" ">
    <subfield code="a">Scientific paintings are used to depict the origin of the earth and the physical development of the mountains, the sea, and the land.</subfield>
  </datafield>
  <datafield tag="508" ind1=" " ind2=" ">
    <subfield code="a">Captions, Lincoln Barnett; paintings, Chesley Bonestell.</subfield>
  </datafield>
  <datafield tag="651" ind1=" " ind2="0">
    <subfield code="a">Earth.</subfield>
  </datafield>
  <datafield tag="650" ind1=" " ind2="0">
    <subfield code="a">Geology.</subfield>
  </datafield>
  <datafield tag="730" ind1="0" ind2=" ">
    <subfield code="a">Life (Chicago, Ill.)</subfield>
  </datafield>
  <datafield tag="830" ind1=" " ind2="0">
    <subfield code="a">World we live in ;</subfield>
    <subfield code="v">no. 1.</subfield>
  </datafield>
</record>