<record xmlns="http://www.loc.gov/MARC21/slim">
<!-- Indicator length at offset 10 should hold a digit. Assuming 2 -->
<!-- Identifier length at offset 11 should hold a digit. Assuming 2 -->
<!-- Length data entry at offset 20 should hold a digit. Assuming 4 -->
<!-- Length starting at offset 21 should hold a digit. Assuming 5 -->
<!-- Length implementation at offset 22 should hold a digit. Assuming 0 -->
  <leader>00807cgm a2200217I  450 </leader>
  <controlfield tag="001">557722</controlfield>
  <controlfield tag="008">730213s1960    xxu051            fneng c</controlfield>
  <datafield tag="010" ind1=" " ind2=" ">
    <subfield code="a">fia60003763 </subfield>
  </datafield>
  <datafield tag="040" ind1=" " ind2=" ">
    <subfield code="a">Encyclopædia Britannica Films</subfield>
    <subfield code="c">WSU</subfield>
    <subfield code="d">OCL</subfield>
  </datafield>
  <datafield tag="082" ind1=" " ind2=" ">
    <subfield code="a">581.498</subfield>
  </datafield>
  <datafield tag="090" ind1=" " ind2=" ">
    <subfield code="a">QK644</subfield>
    <subfield code="b">.E5</subfield>
  </datafield>
  <datafield tag="245" ind1="0" ind2="0">
    <subfield code="a">Roots of plants</subfield>
    <subfield code="h">Filmstrip</subfield>
  </datafield>
  <datafield tag="261" ind1=" " ind2=" ">
    <subfield code="b">Encyclopædia Britannica Films,</subfield>
    <subfield code="d">1960.</subfield>
  </datafield>
  <datafield tag="300" ind1=" " ind2=" ">
    <subfield code="a">51 fr.,</subfield>
    <subfield code="b">color,</subfield>
    <subfield code="c">35 mm.</subfield>
  </datafield>
  <datafield tag="440" ind1=" " ind2="0">
    <subfield code="a">Plant life</subfield>
  </datafield>
  <datafield tag="500" ind1=" " ind2=" ">
    <subfield code="a">With Filmstrip facts.</subfield>
  </datafield>
  <datafield tag="520" ind1=" " ind2=" ">
    <subfield code="a">Explains the functions of roots, how they are constructed, and how they grow.  Shows factors affecting root growth and the power of growing roots; points out that roots are used by man as food.</subfield>
  </datafield>
  <datafield tag="508" ind1=" " ind2=" ">
    <subfield code="a">Collaborator, Paul D. Voth.</subfield>
  </datafield>
  <datafield tag="650" ind1=" " ind2="0">
    <subfield code="a">Roots (Botany)</subfield>
  </datafield>
  <datafield tag="710" ind1="2" ind2=" ">
    <subfield code="a">Encyclopaedia Britannica Films, inc.</subfield>
  </datafield>
  <datafield tag="994" ind1=" " ind2=" ">
    <subfield code="a">11</subfield>
    <subfield code="b">OCL</subfield>
    <subfield code="i">00007</subfield>
  </datafield>
</record>