<record xmlns="http://www.loc.gov/MARC21/slim">
<!-- Indicator length at offset 10 should hold a digit. Assuming 2 -->
<!-- Identifier length at offset 11 should hold a digit. Assuming 2 -->
<!-- Length data entry at offset 20 should hold a digit. Assuming 4 -->
<!-- Length starting at offset 21 should hold a digit. Assuming 5 -->
<!-- Length implementation at offset 22 should hold a digit. Assuming 0 -->
  <leader>00626cjm a2200193I  450 </leader>
  <controlfield tag="001">566775</controlfield>
  <controlfield tag="007">sd bumdnn|||||</controlfield>
  <controlfield tag="008">730301nuuuuuuuuxx   n              ger d</controlfield>
  <datafield tag="040" ind1=" " ind2=" ">
    <subfield code="a">WOO</subfield>
    <subfield code="c">WOO</subfield>
    <subfield code="d">OCL</subfield>
    <subfield code="d">OCLCQ</subfield>
  </datafield>
  <datafield tag="028" ind1="0" ind2="0">
    <subfield code="a">ANG 64012</subfield>
    <subfield code="b">Angel</subfield>
  </datafield>
  <datafield tag="090" ind1=" " ind2=" ">
    <subfield code="a">M1546.5</subfield>
    <subfield code="b">.O2</subfield>
  </datafield>
  <datafield tag="245" ind1="0" ind2="0">
    <subfield code="a">Obernkirchen Children's Choir sings.</subfield>
    <subfield code="h">[sound recording].</subfield>
  </datafield>
  <datafield tag="260" ind1=" " ind2=" ">
    <subfield code="b">Angel ANG 64012.</subfield>
  </datafield>
  <datafield tag="300" ind1=" " ind2=" ">
    <subfield code="a">1 sound disc.</subfield>
    <subfield code="b">33 1/3 rpm. microgroove.</subfield>
    <subfield code="c">10 in.</subfield>
  </datafield>
  <datafield tag="511" ind1="0" ind2=" ">
    <subfield code="a">Obernkirchen Children's Choir; Edith Möller, conductor.</subfield>
  </datafield>
  <datafield tag="650" ind1=" " ind2="0">
    <subfield code="a">Choral singing.</subfield>
  </datafield>
  <datafield tag="710" ind1="2" ind2=" ">
    <subfield code="a">Schaumburger Märchensänger (Germany)</subfield>
    <subfield code="4">prf</subfield>
  </datafield>
  <datafield tag="700" ind1="1" ind2=" ">
    <subfield code="a">Möller, Edith.</subfield>
  </datafield>
  <datafield tag="994" ind1=" " ind2=" ">
    <subfield code="a">11</subfield>
    <subfield code="b">OCL</subfield>
    <subfield code="i">00049</subfield>
  </datafield>
</record>