<record xmlns="http://www.loc.gov/MARC21/slim">
<!-- Indicator length at offset 10 should hold a digit. Assuming 2 -->
<!-- Identifier length at offset 11 should hold a digit. Assuming 2 -->
<!-- Length data entry at offset 20 should hold a digit. Assuming 4 -->
<!-- Length starting at offset 21 should hold a digit. Assuming 5 -->
<!-- Length implementation at offset 22 should hold a digit. Assuming 0 -->
  <leader>01143cim a2200253Ia 450 </leader>
  <controlfield tag="001">568845</controlfield>
  <controlfield tag="008">730305s1965    nyunnn   d     p    eng  </controlfield>
  <controlfield tag="007">sd bumenn||||e</controlfield>
  <datafield tag="010" ind1=" " ind2=" ">
    <subfield code="a">r  66001770 </subfield>
  </datafield>
  <datafield tag="040" ind1=" " ind2=" ">
    <subfield code="a">DLC</subfield>
    <subfield code="c">WSU</subfield>
    <subfield code="d">OCL</subfield>
    <subfield code="d">SER</subfield>
    <subfield code="d">MNM</subfield>
    <subfield code="d">OCL</subfield>
    <subfield code="d">JQF</subfield>
    <subfield code="d">BGU</subfield>
    <subfield code="d">OCLCG</subfield>
  </datafield>
  <datafield tag="028" ind1="0" ind2="2">
    <subfield code="a">TC-1193</subfield>
    <subfield code="b">Caedmon</subfield>
  </datafield>
  <datafield tag="050" ind1=" " ind2="4">
    <subfield code="a">PR4851</subfield>
    <subfield code="b">.P6x</subfield>
  </datafield>
  <datafield tag="082" ind1=" " ind2="4">
    <subfield code="a">821</subfield>
  </datafield>
  <datafield tag="100" ind1="1" ind2=" ">
    <subfield code="a">Kipling, Rudyard,</subfield>
    <subfield code="d">1865-1936.</subfield>
    <subfield code="4">aut</subfield>
  </datafield>
  <datafield tag="245" ind1="1" ind2="4">
    <subfield code="a">The poems of Rudyard Kipling</subfield>
    <subfield code="h">[sound recording].</subfield>
  </datafield>
  <datafield tag="260" ind1=" " ind2=" ">
    <subfield code="a">New York, N.Y. :</subfield>
    <subfield code="b">Caedmon,</subfield>
    <subfield code="c">[1965]</subfield>
  </datafield>
  <datafield tag="300" ind1=" " ind2=" ">
    <subfield code="a">1 sound disc :</subfield>
    <subfield code="b">analog, 33 1/3 rpm ;</subfield>
    <subfield code="c">12 in.</subfield>
  </datafield>
  <datafield tag="511" ind1="0" ind2=" ">
    <subfield code="a">Read by Boris Karloff and others.</subfield>
  </datafield>
  <datafield tag="500" ind1=" " ind2=" ">
    <subfield code="a">Program notes on container.</subfield>
  </datafield>
  <datafield tag="500" ind1=" " ind2=" ">
    <subfield code="a">Texts on the recording (28 p.) inserted.</subfield>
  </datafield>
  <datafield tag="505" ind1="0" ind2=" ">
    <subfield code="a">The law of the jungle -- Recessional -- Song of the galley-slaves -- To Thomas Atkins -- The way through the woods -- The white man's burden -- A song of the English: The song of the dead, II -- If -- The ballad of East and West -- Gunga Din -- The ladies -- Fuzzy-Wuzzy -- Mandalay -- Tommy -- Danny Deever.</subfield>
  </datafield>
  <datafield tag="650" ind1=" " ind2="0">
    <subfield code="a">Poetry, Modern</subfield>
    <subfield code="y">19th century.</subfield>
  </datafield>
  <datafield tag="650" ind1=" " ind2="0">
    <subfield code="a">Poetry, Modern</subfield>
    <subfield code="y">20th century.</subfield>
  </datafield>
  <datafield tag="700" ind1="1" ind2=" ">
    <subfield code="a">Karloff, Boris,</subfield>
    <subfield code="d">1887-1969.</subfield>
    <subfield code="4">prf</subfield>
  </datafield>
</record>