<record xmlns="http://www.loc.gov/MARC21/slim">
<!-- Indicator length at offset 10 should hold a digit. Assuming 2 -->
<!-- Identifier length at offset 11 should hold a digit. Assuming 2 -->
<!-- Length data entry at offset 20 should hold a digit. Assuming 4 -->
<!-- Length starting at offset 21 should hold a digit. Assuming 5 -->
<!-- Length implementation at offset 22 should hold a digit. Assuming 0 -->
  <leader>00753cgm a2200193I  450 </leader>
  <controlfield tag="001">594778</controlfield>
  <controlfield tag="007">go c|bff|</controlfield>
  <controlfield tag="008">730403s1971    xx 104            fneng d</controlfield>
  <datafield tag="040" ind1=" " ind2=" ">
    <subfield code="a">OSU</subfield>
    <subfield code="c">OSU</subfield>
    <subfield code="d">OCL</subfield>
    <subfield code="d">OCLCG</subfield>
  </datafield>
  <datafield tag="082" ind1=" " ind2="4">
    <subfield code="a">814</subfield>
  </datafield>
  <datafield tag="245" ind1="0" ind2="0">
    <subfield code="a">Thoreau: the huckleberry captain</subfield>
    <subfield code="h">(Filmstrip)</subfield>
  </datafield>
  <datafield tag="261" ind1=" " ind2=" ">
    <subfield code="a">Thomas S. Klise Co.,</subfield>
    <subfield code="d">1971.</subfield>
  </datafield>
  <datafield tag="300" ind1=" " ind2=" ">
    <subfield code="a">104 fr.</subfield>
    <subfield code="b">color.</subfield>
    <subfield code="c">35 mm.</subfield>
    <subfield code="e">and phonotape in cassette: 21 min.</subfield>
  </datafield>
  <datafield tag="500" ind1=" " ind2=" ">
    <subfield code="a">Automatic or manual advance.</subfield>
  </datafield>
  <datafield tag="500" ind1=" " ind2=" ">
    <subfield code="a">In box.</subfield>
  </datafield>
  <datafield tag="500" ind1=" " ind2=" ">
    <subfield code="a">With reading script.</subfield>
  </datafield>
  <datafield tag="508" ind1=" " ind2=" ">
    <subfield code="a">Writer and narrator, Thomas Klise; art, David Seay.</subfield>
  </datafield>
  <datafield tag="520" ind1=" " ind2=" ">
    <subfield code="a">A biography of Henry David Thoreau, including interpretations of Walden and Civil disobedience. Presents photographs of Thoreau's New England residences.</subfield>
  </datafield>
  <datafield tag="600" ind1="1" ind2="0">
    <subfield code="a">Thoreau, Henry David,</subfield>
    <subfield code="d">1817-1862.</subfield>
  </datafield>
</record>