<record xmlns="http://www.loc.gov/MARC21/slim">
<!-- Indicator length at offset 10 should hold a digit. Assuming 2 -->
<!-- Identifier length at offset 11 should hold a digit. Assuming 2 -->
<!-- Length data entry at offset 20 should hold a digit. Assuming 4 -->
<!-- Length starting at offset 21 should hold a digit. Assuming 5 -->
<!-- Length implementation at offset 22 should hold a digit. Assuming 0 -->
  <leader>01096cgm a2200241I  450 </leader>
  <controlfield tag="001">607090</controlfield>
  <controlfield tag="007">mc ba||b|</controlfield>
  <controlfield tag="008">730419s1969    xx 007            mleng d</controlfield>
  <datafield tag="040" ind1=" " ind2=" ">
    <subfield code="a">OSU</subfield>
    <subfield code="c">OSU</subfield>
    <subfield code="d">OCL</subfield>
  </datafield>
  <datafield tag="043" ind1=" " ind2=" ">
    <subfield code="a">n-us---</subfield>
  </datafield>
  <datafield tag="245" ind1="0" ind2="4">
    <subfield code="a">The Politics of war: Japanese-Americans, 1941-1945.</subfield>
    <subfield code="h">Motion picture</subfield>
  </datafield>
  <datafield tag="261" ind1=" " ind2=" ">
    <subfield code="b">Chelsea House Educational Communications,</subfield>
    <subfield code="d">1969.</subfield>
  </datafield>
  <datafield tag="300" ind1=" " ind2=" ">
    <subfield code="a">1 cartridge (7 min.)</subfield>
    <subfield code="b">si. b&amp;w.</subfield>
    <subfield code="c">super 8 mm.</subfield>
  </datafield>
  <datafield tag="490" ind1="1" ind2=" ">
    <subfield code="a">The History machine</subfield>
  </datafield>
  <datafield tag="500" ind1=" " ind2=" ">
    <subfield code="a">Loop film mounted in cartridge.</subfield>
  </datafield>
  <datafield tag="500" ind1=" " ind2=" ">
    <subfield code="a">With script and guide.</subfield>
  </datafield>
  <datafield tag="508" ind1=" " ind2=" ">
    <subfield code="a">Editorial director, Arthur M. Schlesinger, Jr.; editor, Fred Israel.</subfield>
  </datafield>
  <datafield tag="520" ind1=" " ind2=" ">
    <subfield code="a">Portrays the situation of native Americans of Japanese ancestry in the wake of Pearl Harbor. Includes Chairman Milton Eisenhower explaining War Relocation Authority activities, such as Nisel detention camps, property losses, and abridgement of civil rights in wartime.</subfield>
  </datafield>
  <datafield tag="650" ind1=" " ind2="0">
    <subfield code="a">Japanese</subfield>
    <subfield code="z">United States.</subfield>
  </datafield>
  <datafield tag="650" ind1=" " ind2="0">
    <subfield code="a">World War, 1939-1945</subfield>
    <subfield code="x">Evacuation of civilians.</subfield>
  </datafield>
  <datafield tag="650" ind1=" " ind2="0">
    <subfield code="a">Concentration camps</subfield>
    <subfield code="z">United States.</subfield>
  </datafield>
  <datafield tag="830" ind1=" " ind2="0">
    <subfield code="a">History machine.</subfield>
  </datafield>
  <datafield tag="994" ind1=" " ind2=" ">
    <subfield code="a">11</subfield>
    <subfield code="b">OCL</subfield>
    <subfield code="i">00022</subfield>
  </datafield>
</record>