<record xmlns="http://www.loc.gov/MARC21/slim">
<!-- Indicator length at offset 10 should hold a digit. Assuming 2 -->
<!-- Identifier length at offset 11 should hold a digit. Assuming 2 -->
<!-- Length data entry at offset 20 should hold a digit. Assuming 4 -->
<!-- Length starting at offset 21 should hold a digit. Assuming 5 -->
<!-- Length implementation at offset 22 should hold a digit. Assuming 0 -->
  <leader>00724cjm a2200169I  450 </leader>
  <controlfield tag="001">760065</controlfield>
  <controlfield tag="007">st ou|c|||||||</controlfield>
  <controlfield tag="008">731214s1973    xx ppn              eng d</controlfield>
  <datafield tag="040" ind1=" " ind2=" ">
    <subfield code="a">WPG</subfield>
    <subfield code="c">WPG</subfield>
    <subfield code="d">OCL</subfield>
    <subfield code="d">OCLCQ</subfield>
  </datafield>
  <datafield tag="245" ind1="0" ind2="0">
    <subfield code="a">On the threshold of a dream</subfield>
    <subfield code="h">[sound recording].</subfield>
  </datafield>
  <datafield tag="262" ind1=" " ind2=" ">
    <subfield code="b">Deram</subfield>
    <subfield code="c">DES-18025,</subfield>
    <subfield code="d">1973?</subfield>
  </datafield>
  <datafield tag="305" ind1=" " ind2=" ">
    <subfield code="a">1/2 tape. (7in. reel)</subfield>
    <subfield code="b">7 1/2 ips.</subfield>
  </datafield>
  <datafield tag="511" ind1=" " ind2=" ">
    <subfield code="a">Songs; performed by the Moody Blues.</subfield>
  </datafield>
  <datafield tag="505" ind1="0" ind2=" ">
    <subfield code="a">In the beginning.--Lovely to see you.--Dear diary.--Send me no wine.--To share our love.--So deep within you.--Never comes the day.--Lazy day.--Are you sitting comfortably?--The dream.--Have you dream?--The voyage.--Have you heard?</subfield>
  </datafield>
  <datafield tag="650" ind1=" " ind2="0">
    <subfield code="a">Popular music.</subfield>
  </datafield>
  <datafield tag="710" ind1="2" ind2=" ">
    <subfield code="a">Moody Blues (Musical group)</subfield>
  </datafield>
  <datafield tag="994" ind1=" " ind2=" ">
    <subfield code="a">11</subfield>
    <subfield code="b">OCL</subfield>
    <subfield code="i">00132</subfield>
  </datafield>
</record>