<record xmlns="http://www.loc.gov/MARC21/slim">
<!-- Indicator length at offset 10 should hold a digit. Assuming 2 -->
<!-- Identifier length at offset 11 should hold a digit. Assuming 2 -->
<!-- Length data entry at offset 20 should hold a digit. Assuming 4 -->
<!-- Length starting at offset 21 should hold a digit. Assuming 5 -->
<!-- Length implementation at offset 22 should hold a digit. Assuming 0 -->
  <leader>00950cgm a2200205Ia 450 </leader>
  <controlfield tag="001">781697</controlfield>
  <controlfield tag="008">740123s1971    nyunnn e          fneng d</controlfield>
  <controlfield tag="009">4</controlfield>
  <datafield tag="010" ind1=" " ind2=" ">
    <subfield code="a">   77739427 </subfield>
  </datafield>
  <datafield tag="040" ind1=" " ind2=" ">
    <subfield code="a">MRC</subfield>
    <subfield code="c">MRC</subfield>
    <subfield code="d">OCL</subfield>
    <subfield code="d">KPC</subfield>
    <subfield code="d">OCLCQ</subfield>
  </datafield>
  <datafield tag="043" ind1=" " ind2=" ">
    <subfield code="a">e------</subfield>
  </datafield>
  <datafield tag="082" ind1=" " ind2="4">
    <subfield code="a">940.2</subfield>
  </datafield>
  <datafield tag="245" ind1="0" ind2="4">
    <subfield code="a">The 1848 revolutions</subfield>
    <subfield code="h">[filmstrip].</subfield>
  </datafield>
  <datafield tag="260" ind1=" " ind2=" ">
    <subfield code="a">Pleasantville, N.Y. :</subfield>
    <subfield code="b">Educational Audio Visual,</subfield>
    <subfield code="c">1971.</subfield>
  </datafield>
  <datafield tag="300" ind1=" " ind2=" ">
    <subfield code="a">2 filmstrips (pt. 1, 68 fr.; pt. 2, 64 fr.) :</subfield>
    <subfield code="b">col. ;</subfield>
    <subfield code="c">35 mm. +</subfield>
    <subfield code="e">2 sound discs (20 min. each side : 33 1/3 rpm, mono. ; 12 in.) + teacher's notes.</subfield>
  </datafield>
  <datafield tag="508" ind1=" " ind2=" ">
    <subfield code="a">Writer, Geoffrey Hindley; narrator, John Glen; editor, Robert Fromer.</subfield>
  </datafield>
  <datafield tag="520" ind1=" " ind2=" ">
    <subfield code="a">Uses nineteenth century prints, photographs, paintings, and cartoons in examining the causes and tracing the stages of the 1848 revolutions which began in Paris and spread to Austria, Hungary, Germany, and Italy.</subfield>
  </datafield>
  <datafield tag="651" ind1=" " ind2="0">
    <subfield code="a">Europe</subfield>
    <subfield code="x">History</subfield>
    <subfield code="y">1848-1849.</subfield>
  </datafield>
  <datafield tag="650" ind1=" " ind2="0">
    <subfield code="a">Revolutions.</subfield>
  </datafield>
  <datafield tag="710" ind1="2" ind2=" ">
    <subfield code="a">Educational Audio Visual, Inc.</subfield>
  </datafield>
</record>