<record xmlns="http://www.loc.gov/MARC21/slim">
<!-- Indicator length at offset 10 should hold a digit. Assuming 2 -->
<!-- Identifier length at offset 11 should hold a digit. Assuming 2 -->
<!-- Length data entry at offset 20 should hold a digit. Assuming 4 -->
<!-- Length starting at offset 21 should hold a digit. Assuming 5 -->
<!-- Length implementation at offset 22 should hold a digit. Assuming 0 -->
  <leader>01021cjm a2200277I  450 </leader>
  <controlfield tag="001">816700</controlfield>
  <controlfield tag="008">740227s1957    xx   n              eng  </controlfield>
  <controlfield tag="007">sd bmme|||||||</controlfield>
  <datafield tag="010" ind1=" " ind2=" ">
    <subfield code="a">r  57001300 </subfield>
  </datafield>
  <datafield tag="040" ind1=" " ind2=" ">
    <subfield code="a">DLC</subfield>
    <subfield code="c">KSU</subfield>
    <subfield code="d">OCL</subfield>
    <subfield code="d">SER</subfield>
    <subfield code="d">OCL</subfield>
    <subfield code="d">OCLCQ</subfield>
    <subfield code="d">OCLCG</subfield>
  </datafield>
  <datafield tag="028" ind1="0" ind2="0">
    <subfield code="a">CRI 112</subfield>
    <subfield code="b">Composers Recordings</subfield>
  </datafield>
  <datafield tag="048" ind1=" " ind2=" ">
    <subfield code="a">oc</subfield>
  </datafield>
  <datafield tag="050" ind1=" " ind2="4">
    <subfield code="a">M1145.B47</subfield>
    <subfield code="b">F6</subfield>
  </datafield>
  <datafield tag="082" ind1=" " ind2="4">
    <subfield code="a">728</subfield>
  </datafield>
  <datafield tag="100" ind1="1" ind2=" ">
    <subfield code="a">Bergsma, William,</subfield>
    <subfield code="d">1921-1994.</subfield>
  </datafield>
  <datafield tag="240" ind1="1" ind2="0">
    <subfield code="a">Fortunate islands</subfield>
  </datafield>
  <datafield tag="245" ind1="1" ind2="4">
    <subfield code="a">The fortunate islands</subfield>
    <subfield code="h">[sound recording]</subfield>
    <subfield code="b">[For string orchestra].</subfield>
  </datafield>
  <datafield tag="262" ind1=" " ind2=" ">
    <subfield code="b">Composers Recordings.</subfield>
    <subfield code="c">CRI 112.</subfield>
    <subfield code="d">[1957?]</subfield>
  </datafield>
  <datafield tag="305" ind1=" " ind2=" ">
    <subfield code="a">1 s.</subfield>
    <subfield code="c">12 in.</subfield>
    <subfield code="b">33 1/3 rpm. microgroove.</subfield>
  </datafield>
  <datafield tag="500" ind1=" " ind2=" ">
    <subfield code="a">"Revised version dated from 1956."</subfield>
  </datafield>
  <datafield tag="511" ind1=" " ind2=" ">
    <subfield code="a">Orchestra of the Accademia nazionale di santa Cecilia, Rome; Alfredo Antonini, conductor.</subfield>
  </datafield>
  <datafield tag="500" ind1=" " ind2=" ">
    <subfield code="a">Program notes by Lester Trimble on slipcase.</subfield>
  </datafield>
  <datafield tag="501" ind1=" " ind2=" ">
    <subfield code="a">With: Luening, Otto, A poem in cycles and bells.</subfield>
  </datafield>
  <datafield tag="650" ind1=" " ind2="0">
    <subfield code="a">String orchestra music.</subfield>
  </datafield>
  <datafield tag="710" ind1="2" ind2=" ">
    <subfield code="a">Accademia di Santa Cecilia.</subfield>
    <subfield code="b">Orchestra.</subfield>
    <subfield code="4">prf</subfield>
  </datafield>
  <datafield tag="700" ind1="1" ind2=" ">
    <subfield code="a">Antonini, Alfredo.</subfield>
    <subfield code="4">cnd</subfield>
  </datafield>
</record>