<record xmlns="http://www.loc.gov/MARC21/slim">
<!-- Indicator length at offset 10 should hold a digit. Assuming 2 -->
<!-- Identifier length at offset 11 should hold a digit. Assuming 2 -->
<!-- Length data entry at offset 20 should hold a digit. Assuming 4 -->
<!-- Length starting at offset 21 should hold a digit. Assuming 5 -->
<!-- Length implementation at offset 22 should hold a digit. Assuming 0 -->
  <leader>01633cjm a2200361I  450 </leader>
  <controlfield tag="001">830542</controlfield>
  <controlfield tag="008">740314s1963    xx syn              zxx d</controlfield>
  <controlfield tag="007">sd bmmenn|||||</controlfield>
  <datafield tag="010" ind1=" " ind2=" ">
    <subfield code="a">r  63001244 </subfield>
  </datafield>
  <datafield tag="040" ind1=" " ind2=" ">
    <subfield code="a">KSU</subfield>
    <subfield code="c">KSU</subfield>
    <subfield code="d">OCL</subfield>
    <subfield code="d">OCLCQ</subfield>
    <subfield code="d">OCLCG</subfield>
    <subfield code="d">IAD</subfield>
    <subfield code="d">BOS</subfield>
  </datafield>
  <datafield tag="028" ind1="0" ind2="0">
    <subfield code="a">CRI 163</subfield>
    <subfield code="b">Composers Recordings</subfield>
  </datafield>
  <datafield tag="050" ind1="1" ind2="4">
    <subfield code="a">M1001.I6</subfield>
    <subfield code="b">H6 S84</subfield>
  </datafield>
  <datafield tag="082" ind1=" " ind2="4">
    <subfield code="a">784</subfield>
  </datafield>
  <datafield tag="100" ind1="1" ind2=" ">
    <subfield code="a">Ives, Charles,</subfield>
    <subfield code="d">1874-1954.</subfield>
  </datafield>
  <datafield tag="240" ind1="1" ind2="0">
    <subfield code="a">Holidays.</subfield>
    <subfield code="p">Washington's Birthday</subfield>
  </datafield>
  <datafield tag="245" ind1="1" ind2="0">
    <subfield code="a">Washington's Birthday</subfield>
    <subfield code="h">[sound recording]</subfield>
    <subfield code="b">Hallowe'en, The pond [and] Central Park in the dark.</subfield>
  </datafield>
  <datafield tag="262" ind1=" " ind2=" ">
    <subfield code="b">Composers Recordings</subfield>
    <subfield code="c">CRI 163.</subfield>
    <subfield code="d">[1963]</subfield>
  </datafield>
  <datafield tag="305" ind1=" " ind2=" ">
    <subfield code="a">1 s.</subfield>
    <subfield code="c">12 in.</subfield>
    <subfield code="b">33 1/3 rpm. microgroove.</subfield>
  </datafield>
  <datafield tag="306" ind1=" " ind2=" ">
    <subfield code="a">000836</subfield>
    <subfield code="a">001110</subfield>
  </datafield>
  <datafield tag="500" ind1=" " ind2=" ">
    <subfield code="a">The 1st work is the 1st movement of the composer's symphony; the 2d, comprises the composer's Outdoor scenes.</subfield>
  </datafield>
  <datafield tag="511" ind1=" " ind2=" ">
    <subfield code="a">Imperial Philharmonic of Tokyo (in the 1st work); members of the Oslo Philharmonic Orchestra (in the 2d); William Strickland, conductor.</subfield>
  </datafield>
  <datafield tag="500" ind1=" " ind2=" ">
    <subfield code="a">Duration: 8 min., 36 sec., and 11 min., 10 sec., respectively.</subfield>
  </datafield>
  <datafield tag="500" ind1=" " ind2=" ">
    <subfield code="a">Program notes on slipcase.</subfield>
  </datafield>
  <datafield tag="501" ind1=" " ind2=" ">
    <subfield code="a">With: Flanagan, William. The lady of tearful regret.</subfield>
  </datafield>
  <datafield tag="650" ind1=" " ind2="0">
    <subfield code="a">Symphonies</subfield>
    <subfield code="v">Excerpts.</subfield>
  </datafield>
  <datafield tag="650" ind1=" " ind2="0">
    <subfield code="a">Washington's Birthday</subfield>
    <subfield code="v">Songs and music.</subfield>
  </datafield>
  <datafield tag="650" ind1=" " ind2="0">
    <subfield code="a">Orchestral music.</subfield>
  </datafield>
  <datafield tag="700" ind1="1" ind2=" ">
    <subfield code="a">Strickland, William.</subfield>
    <subfield code="4">cnd</subfield>
  </datafield>
  <datafield tag="700" ind1="1" ind2="2">
    <subfield code="a">Ives, Charles,</subfield>
    <subfield code="d">1874-1954.</subfield>
    <subfield code="t">Hallowe'en.</subfield>
  </datafield>
  <datafield tag="700" ind1="1" ind2="2">
    <subfield code="a">Ives, Charles,</subfield>
    <subfield code="d">1874-1954.</subfield>
    <subfield code="t">Pond,</subfield>
    <subfield code="m">orchestra.</subfield>
  </datafield>
  <datafield tag="700" ind1="1" ind2="2">
    <subfield code="a">Ives, Charles,</subfield>
    <subfield code="d">1874-1954.</subfield>
    <subfield code="t">Contemplations.</subfield>
    <subfield code="p">Central Park in the dark.</subfield>
  </datafield>
  <datafield tag="710" ind1="2" ind2=" ">
    <subfield code="a">Impuriaru Firuhāmonikku Kōkyōgakudan (Japan)</subfield>
    <subfield code="4">prf</subfield>
  </datafield>
  <datafield tag="710" ind1="2" ind2=" ">
    <subfield code="a">Filharmoniske selskap (Oslo, Norway).</subfield>
    <subfield code="b">Orkester.</subfield>
  </datafield>
</record>