<record xmlns="http://www.loc.gov/MARC21/slim">
<!-- Indicator length at offset 10 should hold a digit. Assuming 2 -->
<!-- Identifier length at offset 11 should hold a digit. Assuming 2 -->
<!-- Length data entry at offset 20 should hold a digit. Assuming 4 -->
<!-- Length starting at offset 21 should hold a digit. Assuming 5 -->
<!-- Length implementation at offset 22 should hold a digit. Assuming 0 -->
  <leader>02618cjm a2200457Ia 450 </leader>
  <controlfield tag="001">877437</controlfield>
  <controlfield tag="008">740503s1970    nyu  n              ita d</controlfield>
  <controlfield tag="007">sd bsmenn||||e</controlfield>
  <datafield tag="010" ind1=" " ind2=" ">
    <subfield code="a">   77763810 </subfield>
  </datafield>
  <datafield tag="040" ind1=" " ind2=" ">
    <subfield code="a">KSU</subfield>
    <subfield code="c">KSU</subfield>
    <subfield code="d">GZN</subfield>
    <subfield code="d">OCL</subfield>
    <subfield code="d">IXA</subfield>
    <subfield code="d">OCLCQ</subfield>
    <subfield code="d">COO</subfield>
    <subfield code="d">OCLCG</subfield>
    <subfield code="d">INU</subfield>
  </datafield>
  <datafield tag="028" ind1="0" ind2="2">
    <subfield code="a">VCS 10083</subfield>
    <subfield code="b">Vanguard</subfield>
  </datafield>
  <datafield tag="050" ind1=" " ind2="4">
    <subfield code="a">M4</subfield>
    <subfield code="b">.W498</subfield>
  </datafield>
  <datafield tag="100" ind1="1" ind2=" ">
    <subfield code="a">Wert, Giaches de,</subfield>
    <subfield code="d">1535-1596.</subfield>
  </datafield>
  <datafield tag="240" ind1="1" ind2="0">
    <subfield code="a">Selections</subfield>
  </datafield>
  <datafield tag="245" ind1="1" ind2="0">
    <subfield code="a">Music from the Court of Mantua</subfield>
    <subfield code="h">[sound recording] /</subfield>
    <subfield code="c">edited by Carol MacClintock.</subfield>
  </datafield>
  <datafield tag="260" ind1=" " ind2=" ">
    <subfield code="a">New York, N.Y. :</subfield>
    <subfield code="b">Vanguard,</subfield>
    <subfield code="c">[1970]</subfield>
  </datafield>
  <datafield tag="300" ind1=" " ind2=" ">
    <subfield code="a">1 sound disc :</subfield>
    <subfield code="b">analog, 33 1/3 rpm, stereo. ;</subfield>
    <subfield code="c">12 in.</subfield>
  </datafield>
  <datafield tag="490" ind1="0" ind2=" ">
    <subfield code="a">Vanguard cardinal series</subfield>
  </datafield>
  <datafield tag="511" ind1="0" ind2=" ">
    <subfield code="a">Vocal and instrumental works performed by the Jaye Consort of Viols; the Accademia Monteverdiana, and the Ambrosian Singers; Denis Stevens, conductor.</subfield>
  </datafield>
  <datafield tag="500" ind1=" " ind2=" ">
    <subfield code="a">Program notes by Carol MacClintock on slipcase.</subfield>
  </datafield>
  <datafield tag="505" ind1="0" ind2=" ">
    <subfield code="a">Tis pyri pyr edamasse--Cara la vita mia--Misera! non credea--Fantasia a 4--J'ai trouvé ce matin--Kyrie eleison--Felice piume--Datemi pace--De que sirven ojos morenos--Donna, tu sei sí bella--Vaghi boschetti--Ecco ch'un altra volta--In qual parte.</subfield>
  </datafield>
  <datafield tag="650" ind1=" " ind2="0">
    <subfield code="a">Part songs, Italian.</subfield>
  </datafield>
  <datafield tag="650" ind1=" " ind2="0">
    <subfield code="a">String quartets (Viols (4))</subfield>
  </datafield>
  <datafield tag="650" ind1=" " ind2="0">
    <subfield code="a">Sacred vocal quintets.</subfield>
  </datafield>
  <datafield tag="700" ind1="1" ind2=" ">
    <subfield code="a">Stevens, Denis,</subfield>
    <subfield code="d">1922-2004.</subfield>
  </datafield>
  <datafield tag="700" ind1="1" ind2="2">
    <subfield code="a">Wert, Giaches de,</subfield>
    <subfield code="d">1535-1596.</subfield>
    <subfield code="t">Canzonette villanelle.</subfield>
    <subfield code="p">Tis pyri pyr.</subfield>
  </datafield>
  <datafield tag="700" ind1="1" ind2="2">
    <subfield code="a">Wert, Giaches de,</subfield>
    <subfield code="d">1535-1596.</subfield>
    <subfield code="t">Madrigals,</subfield>
    <subfield code="n">book 1 (1558).</subfield>
    <subfield code="p">Cara la vita mia.</subfield>
  </datafield>
  <datafield tag="700" ind1="1" ind2="2">
    <subfield code="a">Wert, Giaches de,</subfield>
    <subfield code="d">1535-1596.</subfield>
    <subfield code="t">Madrigals,</subfield>
    <subfield code="n">book 8.</subfield>
    <subfield code="p">Misera, non credea.</subfield>
  </datafield>
  <datafield tag="700" ind1="1" ind2="2">
    <subfield code="a">Wert, Giaches de,</subfield>
    <subfield code="d">1535-1596.</subfield>
    <subfield code="t">Fantasias,</subfield>
    <subfield code="m">keyboard instrument,</subfield>
    <subfield code="n">no. 3.</subfield>
  </datafield>
  <datafield tag="700" ind1="1" ind2="2">
    <subfield code="a">Wert, Giaches de,</subfield>
    <subfield code="d">1535-1596.</subfield>
    <subfield code="t">Canzonette villanelle.</subfield>
    <subfield code="p">J'ai trouvé ce matin.</subfield>
  </datafield>
  <datafield tag="700" ind1="1" ind2="2">
    <subfield code="a">Wert, Giaches de,</subfield>
    <subfield code="d">1535-1596.</subfield>
    <subfield code="t">Missa Transeunte Domino.</subfield>
    <subfield code="p">Kyrie eleison.</subfield>
  </datafield>
  <datafield tag="700" ind1="1" ind2="2">
    <subfield code="a">Wert, Giaches de,</subfield>
    <subfield code="d">1535-1596.</subfield>
    <subfield code="t">Madrigals,</subfield>
    <subfield code="n">book 1 (1561).</subfield>
    <subfield code="p">Felice piume che così sovente.</subfield>
  </datafield>
  <datafield tag="700" ind1="1" ind2="2">
    <subfield code="a">Wert, Giaches de,</subfield>
    <subfield code="d">1535-1596.</subfield>
    <subfield code="t">Madrigals,</subfield>
    <subfield code="n">book 10.</subfield>
    <subfield code="p">Datemi pace o duri miei pensieri.</subfield>
  </datafield>
  <datafield tag="700" ind1="1" ind2="2">
    <subfield code="a">Wert, Giaches de,</subfield>
    <subfield code="d">1535-1596.</subfield>
    <subfield code="t">Canzonette villanelle.</subfield>
    <subfield code="p">De que sirve otos morenos.</subfield>
  </datafield>
  <datafield tag="700" ind1="1" ind2="2">
    <subfield code="a">Wert, Giaches de,</subfield>
    <subfield code="d">1535-1596.</subfield>
    <subfield code="t">Canzonette villanelle.</subfield>
    <subfield code="p">Donna, tu sei si bella.</subfield>
  </datafield>
  <datafield tag="700" ind1="1" ind2="2">
    <subfield code="a">Wert, Giaches de,</subfield>
    <subfield code="d">1535-1596.</subfield>
    <subfield code="t">Madrigals,</subfield>
    <subfield code="n">book 7.</subfield>
    <subfield code="p">Vaghi boschetti.</subfield>
  </datafield>
  <datafield tag="700" ind1="1" ind2="2">
    <subfield code="a">Wert, Giaches de,</subfield>
    <subfield code="d">1535-1596.</subfield>
    <subfield code="t">Madrigals,</subfield>
    <subfield code="n">book 9.</subfield>
    <subfield code="p">Ecco ch'un altra volta.</subfield>
  </datafield>
  <datafield tag="700" ind1="1" ind2="2">
    <subfield code="a">Wert, Giaches de,</subfield>
    <subfield code="d">1535-1596.</subfield>
    <subfield code="t">Madrigals,</subfield>
    <subfield code="n">book 7.</subfield>
    <subfield code="p">In qual parte sì ratto.</subfield>
  </datafield>
  <datafield tag="710" ind1="2" ind2=" ">
    <subfield code="a">Jaye Consort of Viols.</subfield>
    <subfield code="4">prf</subfield>
  </datafield>
  <datafield tag="710" ind1="2" ind2=" ">
    <subfield code="a">Accademia Monteverdiana.</subfield>
    <subfield code="4">prf</subfield>
  </datafield>
  <datafield tag="710" ind1="2" ind2=" ">
    <subfield code="a">Ambrosian Singers.</subfield>
    <subfield code="4">prf</subfield>
  </datafield>
</record>