<record xmlns="http://www.loc.gov/MARC21/slim">
<!-- Indicator length at offset 10 should hold a digit. Assuming 2 -->
<!-- Identifier length at offset 11 should hold a digit. Assuming 2 -->
<!-- Length data entry at offset 20 should hold a digit. Assuming 4 -->
<!-- Length starting at offset 21 should hold a digit. Assuming 5 -->
<!-- Length implementation at offset 22 should hold a digit. Assuming 0 -->
  <leader>02094cjm a2200445Ia 450 </leader>
  <controlfield tag="001">879615</controlfield>
  <controlfield tag="008">740507s1971    enksgn   ef         ger  </controlfield>
  <controlfield tag="007">sd bsmenn|||ne</controlfield>
  <datafield tag="010" ind1=" " ind2=" ">
    <subfield code="a">   73762223 </subfield>
  </datafield>
  <datafield tag="040" ind1=" " ind2=" ">
    <subfield code="a">DLC</subfield>
    <subfield code="c">KSU</subfield>
    <subfield code="d">OCL</subfield>
    <subfield code="d">IUL</subfield>
    <subfield code="d">OCLCQ</subfield>
    <subfield code="d">TEF</subfield>
    <subfield code="d">OCLCG</subfield>
  </datafield>
  <datafield tag="028" ind1="0" ind2="2">
    <subfield code="a">CFP 166</subfield>
    <subfield code="b">Classics for Pleasure</subfield>
  </datafield>
  <datafield tag="048" ind1=" " ind2=" ">
    <subfield code="a">va01</subfield>
    <subfield code="a">ka01</subfield>
  </datafield>
  <datafield tag="048" ind1=" " ind2=" ">
    <subfield code="a">va01</subfield>
    <subfield code="a">wc01</subfield>
    <subfield code="a">ka01</subfield>
  </datafield>
  <datafield tag="050" ind1="1" ind2="0">
    <subfield code="a">M1620</subfield>
  </datafield>
  <datafield tag="100" ind1="1" ind2=" ">
    <subfield code="a">Schubert, Franz,</subfield>
    <subfield code="d">1797-1828.</subfield>
  </datafield>
  <datafield tag="240" ind1="1" ind2="0">
    <subfield code="a">Songs.</subfield>
    <subfield code="k">Selections</subfield>
  </datafield>
  <datafield tag="245" ind1="1" ind2="0">
    <subfield code="a">Margaret Price sings Schubert Lieder</subfield>
    <subfield code="h">[sound recording].</subfield>
  </datafield>
  <datafield tag="260" ind1=" " ind2=" ">
    <subfield code="a">Feltham, Middlesex :</subfield>
    <subfield code="b">Classics for Pleasure,</subfield>
    <subfield code="c">p1971.</subfield>
  </datafield>
  <datafield tag="300" ind1=" " ind2=" ">
    <subfield code="a">1 sound disc :</subfield>
    <subfield code="b">analog, 33 1/3 rpm, stereo. ;</subfield>
    <subfield code="c">12 in.</subfield>
  </datafield>
  <datafield tag="511" ind1="0" ind2=" ">
    <subfield code="a">Margaret Price, soprano; James Lockhart, piano.</subfield>
  </datafield>
  <datafield tag="500" ind1=" " ind2=" ">
    <subfield code="a">Program notes in part by L. Black on container.</subfield>
  </datafield>
  <datafield tag="505" ind1="0" ind2=" ">
    <subfield code="a">Das Geheimnis -- Die Forelle -- Der König in Thule -- Gretchen am Spinnrade -- Der Hirt auf dem Felsen (with Jack Brymer, clarinet) -- Auf der Riessenkoppe -- Du bist die Ruh -- La pastorella -- Heidenröslein -- Schwanengesang -- Die Wehmut -- Der blinde Knabe.</subfield>
  </datafield>
  <datafield tag="650" ind1=" " ind2="0">
    <subfield code="a">Songs (High voice) with piano.</subfield>
  </datafield>
  <datafield tag="650" ind1=" " ind2="0">
    <subfield code="a">Songs (High voice) with instrumental ensemble.</subfield>
  </datafield>
  <datafield tag="700" ind1="1" ind2=" ">
    <subfield code="a">Price, Margaret,</subfield>
    <subfield code="d">1941-</subfield>
    <subfield code="4">prf</subfield>
  </datafield>
  <datafield tag="700" ind1="1" ind2=" ">
    <subfield code="a">Lockhart, James,</subfield>
    <subfield code="d">1930-</subfield>
    <subfield code="4">prf</subfield>
  </datafield>
  <datafield tag="700" ind1="1" ind2=" ">
    <subfield code="a">Brymer, Jack.</subfield>
    <subfield code="4">prf</subfield>
  </datafield>
  <datafield tag="700" ind1="1" ind2="2">
    <subfield code="a">Schubert, Franz,</subfield>
    <subfield code="d">1797-1828.</subfield>
    <subfield code="t">Geheimnis,</subfield>
    <subfield code="n">D. 491.</subfield>
  </datafield>
  <datafield tag="700" ind1="1" ind2="2">
    <subfield code="a">Schubert, Franz,</subfield>
    <subfield code="d">1797-1828.</subfield>
    <subfield code="t">Forelle (Song)</subfield>
  </datafield>
  <datafield tag="700" ind1="1" ind2="2">
    <subfield code="a">Schubert, Franz,</subfield>
    <subfield code="d">1797-1828.</subfield>
    <subfield code="t">König in Thule.</subfield>
  </datafield>
  <datafield tag="700" ind1="1" ind2="2">
    <subfield code="a">Schubert, Franz,</subfield>
    <subfield code="d">1797-1828.</subfield>
    <subfield code="t">Gretchen am Spinnrade.</subfield>
  </datafield>
  <datafield tag="700" ind1="1" ind2="2">
    <subfield code="a">Schubert, Franz,</subfield>
    <subfield code="d">1797-1828.</subfield>
    <subfield code="t">Hirt auf dem Felsen.</subfield>
  </datafield>
  <datafield tag="700" ind1="1" ind2="2">
    <subfield code="a">Schubert, Franz,</subfield>
    <subfield code="d">1797-1828.</subfield>
    <subfield code="t">Auf der Riesenkoppe.</subfield>
  </datafield>
  <datafield tag="700" ind1="1" ind2="2">
    <subfield code="a">Schubert, Franz,</subfield>
    <subfield code="d">1797-1828.</subfield>
    <subfield code="t">Du bist die Ruh.</subfield>
  </datafield>
  <datafield tag="700" ind1="1" ind2="2">
    <subfield code="a">Schubert, Franz,</subfield>
    <subfield code="d">1797-1828.</subfield>
    <subfield code="t">Pastorella al prato (Song)</subfield>
  </datafield>
  <datafield tag="700" ind1="1" ind2="2">
    <subfield code="a">Schubert, Franz,</subfield>
    <subfield code="d">1797-1828.</subfield>
    <subfield code="t">Heidenröslein.</subfield>
  </datafield>
  <datafield tag="700" ind1="1" ind2="2">
    <subfield code="a">Schubert, Franz,</subfield>
    <subfield code="d">1797-1828.</subfield>
    <subfield code="t">Schwanengesang (Song),</subfield>
    <subfield code="n">D. 744.</subfield>
  </datafield>
  <datafield tag="700" ind1="1" ind2="2">
    <subfield code="a">Schubert, Franz,</subfield>
    <subfield code="d">1797-1828.</subfield>
    <subfield code="t">Wehmut (Song)</subfield>
  </datafield>
  <datafield tag="700" ind1="1" ind2="2">
    <subfield code="a">Schubert, Franz,</subfield>
    <subfield code="d">1797-1828.</subfield>
    <subfield code="t">Blinde Knabe.</subfield>
  </datafield>
  <datafield tag="029" ind1="1" ind2=" ">
    <subfield code="a">NZ1</subfield>
    <subfield code="b">9218363</subfield>
  </datafield>
</record>