<record xmlns="http://www.loc.gov/MARC21/slim">
<!-- Indicator length at offset 10 should hold a digit. Assuming 2 -->
<!-- Identifier length at offset 11 should hold a digit. Assuming 2 -->
<!-- Length data entry at offset 20 should hold a digit. Assuming 4 -->
<!-- Length starting at offset 21 should hold a digit. Assuming 5 -->
<!-- Length implementation at offset 22 should hold a digit. Assuming 0 -->
  <leader>00588cgm a2200181I  450 </leader>
  <controlfield tag="001">881748</controlfield>
  <controlfield tag="008">740509s1961    xx                fneng d</controlfield>
  <controlfield tag="009">156</controlfield>
  <datafield tag="040" ind1=" " ind2=" ">
    <subfield code="a">NAM</subfield>
    <subfield code="c">NAM</subfield>
    <subfield code="d">OCL</subfield>
    <subfield code="d">OCLCQ</subfield>
  </datafield>
  <datafield tag="043" ind1=" " ind2=" ">
    <subfield code="a">a-cc---</subfield>
  </datafield>
  <datafield tag="090" ind1=" " ind2=" ">
    <subfield code="a">DS777.55</subfield>
    <subfield code="b">.C446732x</subfield>
  </datafield>
  <datafield tag="245" ind1="0" ind2="0">
    <subfield code="a">China and her neighbors series.</subfield>
    <subfield code="h">[filmstrip].</subfield>
  </datafield>
  <datafield tag="260" ind1=" " ind2=" ">
    <subfield code="b">McGraw Hill Book Co. Made by Kennings Co.,</subfield>
    <subfield code="c">1961.</subfield>
  </datafield>
  <datafield tag="300" ind1=" " ind2=" ">
    <subfield code="a">6 filmstrips.</subfield>
    <subfield code="b">color. 35 mm.</subfield>
  </datafield>
  <datafield tag="500" ind1=" " ind2=" ">
    <subfield code="a">With guide.</subfield>
  </datafield>
  <datafield tag="508" ind1=" " ind2=" ">
    <subfield code="a">Educational advisers, William B. Sanborn, Claude A. Buss, Joseph R. Levenson, Ingrid McFadden.</subfield>
  </datafield>
  <datafield tag="651" ind1=" " ind2="0">
    <subfield code="a">China.</subfield>
  </datafield>
  <datafield tag="710" ind1="2" ind2=" ">
    <subfield code="a">McGraw-Hill Book Company.</subfield>
  </datafield>
</record>