<record xmlns="http://www.loc.gov/MARC21/slim">
<!-- Indicator length at offset 10 should hold a digit. Assuming 2 -->
<!-- Identifier length at offset 11 should hold a digit. Assuming 2 -->
<!-- Length data entry at offset 20 should hold a digit. Assuming 4 -->
<!-- Length starting at offset 21 should hold a digit. Assuming 5 -->
<!-- Length implementation at offset 22 should hold a digit. Assuming 0 -->
  <leader>00677cim a2200157I  450 </leader>
  <controlfield tag="001">882363</controlfield>
  <controlfield tag="008">740510s1971    xx nnn         d    eng d</controlfield>
  <datafield tag="040" ind1=" " ind2=" ">
    <subfield code="a">WPG</subfield>
    <subfield code="c">WPG</subfield>
    <subfield code="d">OCL</subfield>
    <subfield code="d">OCLCQ</subfield>
    <subfield code="d">OCLCG</subfield>
  </datafield>
  <datafield tag="050" ind1=" " ind2="4">
    <subfield code="a">PS3525.A27</subfield>
    <subfield code="b">S3</subfield>
  </datafield>
  <datafield tag="100" ind1="1" ind2=" ">
    <subfield code="a">MacLeish, Archibald,</subfield>
    <subfield code="d">1892-1982.</subfield>
  </datafield>
  <datafield tag="245" ind1="1" ind2="0">
    <subfield code="a">Scratch.</subfield>
    <subfield code="h">[sound recording]-cassette].</subfield>
  </datafield>
  <datafield tag="262" ind1=" " ind2=" ">
    <subfield code="b">Caedmon</subfield>
    <subfield code="c">CDL 5347</subfield>
    <subfield code="d">[1971]</subfield>
  </datafield>
  <datafield tag="305" ind1=" " ind2=" ">
    <subfield code="a">3 cassettes.</subfield>
    <subfield code="b">2 1/2 x 4 in.</subfield>
    <subfield code="c">1 7/8 ips.</subfield>
  </datafield>
  <datafield tag="500" ind1=" " ind2=" ">
    <subfield code="a">"A new play suggested by Stephen Vincent Benét's short story The Devil and Daniel Webster; and the original speeches of Daniel Webster relevant to the play."</subfield>
  </datafield>
  <datafield tag="511" ind1=" " ind2=" ">
    <subfield code="a">Starring Will Geer ... [et al.]; Peter H. Hunt, director.</subfield>
  </datafield>
  <datafield tag="600" ind1="1" ind2="0">
    <subfield code="a">Webster, Daniel,</subfield>
    <subfield code="d">1782-1852</subfield>
    <subfield code="v">Drama.</subfield>
  </datafield>
</record>