<record xmlns="http://www.loc.gov/MARC21/slim">
<!-- Indicator length at offset 10 should hold a digit. Assuming 2 -->
<!-- Identifier length at offset 11 should hold a digit. Assuming 2 -->
<!-- Length data entry at offset 20 should hold a digit. Assuming 4 -->
<!-- Length starting at offset 21 should hold a digit. Assuming 5 -->
<!-- Length implementation at offset 22 should hold a digit. Assuming 0 -->
  <leader>01377cjm a2200277Ia 450 </leader>
  <controlfield tag="001">887328</controlfield>
  <controlfield tag="008">740515s1970    xx fmn              bul  </controlfield>
  <controlfield tag="009">3</controlfield>
  <controlfield tag="007">sd bsmenn||||e</controlfield>
  <datafield tag="010" ind1=" " ind2=" ">
    <subfield code="a">   71763778 </subfield>
  </datafield>
  <datafield tag="040" ind1=" " ind2=" ">
    <subfield code="a">DLC</subfield>
    <subfield code="c">KSU</subfield>
    <subfield code="d">OCL</subfield>
    <subfield code="d">OCLCQ</subfield>
    <subfield code="d">BGU</subfield>
    <subfield code="d">STF</subfield>
  </datafield>
  <datafield tag="028" ind1="0" ind2="2">
    <subfield code="a">H 72038</subfield>
    <subfield code="b">Nonesuch</subfield>
  </datafield>
  <datafield tag="050" ind1=" " ind2="4">
    <subfield code="a">M1712</subfield>
    <subfield code="b">.R351</subfield>
  </datafield>
  <datafield tag="082" ind1=" " ind2="4">
    <subfield code="a">784.7691</subfield>
  </datafield>
  <datafield tag="100" ind1="1" ind2=" ">
    <subfield code="a">Raim, Ethel.</subfield>
  </datafield>
  <datafield tag="245" ind1="1" ind2="0">
    <subfield code="a">In the shadow of the mountain</subfield>
    <subfield code="h">[sound recording] ;</subfield>
    <subfield code="b">Bulgarian folk music /</subfield>
    <subfield code="c">collected in Bulgaria &amp; produced by Ethel Raim &amp; Martin Koenig.</subfield>
  </datafield>
  <datafield tag="260" ind1=" " ind2=" ">
    <subfield code="a">[S.l.] :</subfield>
    <subfield code="b">Nonesuch,</subfield>
    <subfield code="c">[1970]</subfield>
  </datafield>
  <datafield tag="300" ind1=" " ind2=" ">
    <subfield code="a">1 sound disc :</subfield>
    <subfield code="b">analog, 33 1/3 rpm, stereo. ;</subfield>
    <subfield code="c">12 in.</subfield>
  </datafield>
  <datafield tag="440" ind1=" " ind2="0">
    <subfield code="a">Explorer series</subfield>
  </datafield>
  <datafield tag="500" ind1=" " ind2=" ">
    <subfield code="a">"Songs and dances of Pirin-Macedonia," performed by native musicians.</subfield>
  </datafield>
  <datafield tag="500" ind1=" " ind2=" ">
    <subfield code="a">Words of the songs, with English translations, and program notes by Martin Koenig, on container.</subfield>
  </datafield>
  <datafield tag="505" ind1="0" ind2=" ">
    <subfield code="a">Trugnal mu Yane Sandanski, le le -- Jofcharche mlado -- Ne Treperi, bela koprino -- Gujgo le, Gujgo yunache -- Tsar Murat Mara dumashe -- Moma sedi na chardak -- Kostadine, mili sino le dzhanum -- Koinali -- karshi barchina -- Dali tsurni ochi nemam -- Vchera minah, libe dzhanum -- Pusti bili Yane -- planino pirin, palnino dzhanm.</subfield>
  </datafield>
  <datafield tag="511" ind1="0" ind2=" ">
    <subfield code="a">"Songs and dances of Pirin-Macedonia, " performed by native musicians.</subfield>
  </datafield>
  <datafield tag="650" ind1=" " ind2="0">
    <subfield code="a">Music</subfield>
    <subfield code="z">Bulgaria.</subfield>
  </datafield>
  <datafield tag="650" ind1=" " ind2="0">
    <subfield code="a">Folk music</subfield>
    <subfield code="z">Bulgaria.</subfield>
  </datafield>
  <datafield tag="700" ind1="1" ind2=" ">
    <subfield code="a">Koenig, Martin.</subfield>
    <subfield code="4">cmp</subfield>
  </datafield>
</record>