<record xmlns="http://www.loc.gov/MARC21/slim">
<!-- Indicator length at offset 10 should hold a digit. Assuming 2 -->
<!-- Identifier length at offset 11 should hold a digit. Assuming 2 -->
<!-- Length data entry at offset 20 should hold a digit. Assuming 4 -->
<!-- Length starting at offset 21 should hold a digit. Assuming 5 -->
<!-- Length implementation at offset 22 should hold a digit. Assuming 0 -->
  <leader>00782cam a2200193I  450 </leader>
  <controlfield tag="001">892047</controlfield>
  <controlfield tag="008">740521s1958    nyua          000 0beng d</controlfield>
  <datafield tag="040" ind1=" " ind2=" ">
    <subfield code="a">KSU</subfield>
    <subfield code="c">KSU</subfield>
    <subfield code="d">OCL</subfield>
    <subfield code="d">TLM</subfield>
    <subfield code="d">PAU</subfield>
    <subfield code="d">OCLCQ</subfield>
    <subfield code="d">OCLCG</subfield>
    <subfield code="d">EUX</subfield>
  </datafield>
  <datafield tag="019" ind1=" " ind2=" ">
    <subfield code="a">3537280</subfield>
    <subfield code="a">21938430</subfield>
    <subfield code="a">28594999</subfield>
    <subfield code="a">80913301</subfield>
  </datafield>
  <datafield tag="041" ind1="1" ind2=" ">
    <subfield code="a">eng</subfield>
    <subfield code="h">ger</subfield>
  </datafield>
  <datafield tag="050" ind1=" " ind2="4">
    <subfield code="a">ML410.S3</subfield>
    <subfield code="b">D56 1958</subfield>
  </datafield>
  <datafield tag="082" ind1="0" ind2="4">
    <subfield code="a">92</subfield>
    <subfield code="b">S384de</subfield>
  </datafield>
  <datafield tag="100" ind1="1" ind2=" ">
    <subfield code="a">Deutsch, Otto Erich,</subfield>
    <subfield code="d">1883-1967,</subfield>
    <subfield code="e">ed.</subfield>
  </datafield>
  <datafield tag="245" ind1="1" ind2="0">
    <subfield code="a">Schubert;</subfield>
    <subfield code="b">memoirs by his friends.</subfield>
    <subfield code="c">[English translation by Rosamond Ley and John Nowell].</subfield>
  </datafield>
  <datafield tag="260" ind1=" " ind2=" ">
    <subfield code="a">New York,</subfield>
    <subfield code="b">Macmillan</subfield>
    <subfield code="c">[1958]</subfield>
  </datafield>
  <datafield tag="300" ind1=" " ind2=" ">
    <subfield code="a">x, 501 p.</subfield>
    <subfield code="b">illus.</subfield>
    <subfield code="c">23 cm.</subfield>
  </datafield>
  <datafield tag="508" ind1=" " ind2=" ">
    <subfield code="a">English translation by Rosamond Ley and John Nowell.</subfield>
  </datafield>
  <datafield tag="600" ind1="1" ind2="0">
    <subfield code="a">Schubert, Franz,</subfield>
    <subfield code="d">1797-1828.</subfield>
  </datafield>
  <datafield tag="776" ind1="0" ind2="8">
    <subfield code="i">Online version:</subfield>
    <subfield code="a">Deutsch, Otto Erich, 1883-1967.</subfield>
    <subfield code="t">Schubert.</subfield>
    <subfield code="d">New York, Macmillan [1958]</subfield>
    <subfield code="w">(OCoLC)639632676</subfield>
  </datafield>
</record>