<record xmlns="http://www.loc.gov/MARC21/slim">
<!-- Indicator length at offset 10 should hold a digit. Assuming 2 -->
<!-- Identifier length at offset 11 should hold a digit. Assuming 2 -->
<!-- Length data entry at offset 20 should hold a digit. Assuming 4 -->
<!-- Length starting at offset 21 should hold a digit. Assuming 5 -->
<!-- Length implementation at offset 22 should hold a digit. Assuming 0 -->
  <leader>00748cjm a2200205I  450 </leader>
  <controlfield tag="001">905053</controlfield>
  <controlfield tag="008">740530s194u    xx syn              zxx d</controlfield>
  <controlfield tag="007">sd bmme|||||||</controlfield>
  <datafield tag="040" ind1=" " ind2=" ">
    <subfield code="a">NAM</subfield>
    <subfield code="c">NAM</subfield>
    <subfield code="d">OCL</subfield>
    <subfield code="d">OCLCQ</subfield>
    <subfield code="d">OCLCG</subfield>
  </datafield>
  <datafield tag="048" ind1=" " ind2=" ">
    <subfield code="a">oa</subfield>
  </datafield>
  <datafield tag="100" ind1="1" ind2=" ">
    <subfield code="a">Mozart, Wolfgang Amadeus,</subfield>
    <subfield code="d">1756-1791.</subfield>
  </datafield>
  <datafield tag="240" ind1="1" ind2="0">
    <subfield code="a">Symphonies,</subfield>
    <subfield code="n">K. 385,</subfield>
    <subfield code="r">D major</subfield>
  </datafield>
  <datafield tag="245" ind1="0" ind2="0">
    <subfield code="a">Symphony no. 35 in D major (K. 385) ("Haffner")</subfield>
    <subfield code="h">[sound recording].</subfield>
  </datafield>
  <datafield tag="262" ind1=" " ind2=" ">
    <subfield code="b">Columbia</subfield>
    <subfield code="c">ML 4156</subfield>
    <subfield code="d">[194-?]</subfield>
  </datafield>
  <datafield tag="305" ind1=" " ind2=" ">
    <subfield code="a">on 1 side of 1 disc.</subfield>
    <subfield code="b">33 1/3 rpm. mono.</subfield>
    <subfield code="c">12 in.</subfield>
  </datafield>
  <datafield tag="511" ind1=" " ind2=" ">
    <subfield code="a">Pittsburgh Symphony Orchestra; Fritz Reiner, conductor.</subfield>
  </datafield>
  <datafield tag="501" ind1=" " ind2=" ">
    <subfield code="a">With: Bach, J.S. Suite, orchestra, S. 1067. B minor.</subfield>
  </datafield>
  <datafield tag="650" ind1=" " ind2="0">
    <subfield code="a">Symphonies.</subfield>
  </datafield>
  <datafield tag="700" ind1="1" ind2=" ">
    <subfield code="a">Reiner, Fritz,</subfield>
    <subfield code="d">1888-1963.</subfield>
    <subfield code="4">prf</subfield>
  </datafield>
  <datafield tag="710" ind1="2" ind2=" ">
    <subfield code="a">Pittsburgh Symphony Orchestra.</subfield>
    <subfield code="4">prf</subfield>
  </datafield>
</record>