<record xmlns="http://www.loc.gov/MARC21/slim">
<!-- Indicator length at offset 10 should hold a digit. Assuming 2 -->
<!-- Identifier length at offset 11 should hold a digit. Assuming 2 -->
<!-- Length data entry at offset 20 should hold a digit. Assuming 4 -->
<!-- Length starting at offset 21 should hold a digit. Assuming 5 -->
<!-- Length implementation at offset 22 should hold a digit. Assuming 0 -->
  <leader>00822cjm a2200217I  450 </leader>
  <controlfield tag="001">906481</controlfield>
  <controlfield tag="008">740603s1974    xx con              zxx d</controlfield>
  <controlfield tag="007">ss ls||zc|||||</controlfield>
  <datafield tag="040" ind1=" " ind2=" ">
    <subfield code="a">WPG</subfield>
    <subfield code="c">WPG</subfield>
    <subfield code="d">OCL</subfield>
    <subfield code="d">OCLCQ</subfield>
    <subfield code="d">OCLCG</subfield>
  </datafield>
  <datafield tag="082" ind1=" " ind2="4">
    <subfield code="a">785.6</subfield>
  </datafield>
  <datafield tag="100" ind1="1" ind2=" ">
    <subfield code="a">Vivaldi, Antonio,</subfield>
    <subfield code="d">1678-1741.</subfield>
  </datafield>
  <datafield tag="240" ind1="1" ind2="0">
    <subfield code="a">Cimento dell'armonia e dell'inventione.</subfield>
    <subfield code="n">No. 5-8</subfield>
  </datafield>
  <datafield tag="245" ind1="1" ind2="3">
    <subfield code="a">Il cimento dell'armonia e dell'invenzione</subfield>
    <subfield code="h">[sound recording].</subfield>
  </datafield>
  <datafield tag="262" ind1=" " ind2=" ">
    <subfield code="b">Columbia</subfield>
    <subfield code="c">MT 32693.</subfield>
    <subfield code="d">1974.</subfield>
  </datafield>
  <datafield tag="305" ind1=" " ind2=" ">
    <subfield code="a">1 cassette.</subfield>
  </datafield>
  <datafield tag="500" ind1=" " ind2=" ">
    <subfield code="a">At head of title: Zukerman plays and conducts Vivaldi.</subfield>
  </datafield>
  <datafield tag="511" ind1=" " ind2=" ">
    <subfield code="a">English Chamber Orchestra; Pinchas Zukerman, violin and conductor; Philip Ledger, harpsichord.</subfield>
  </datafield>
  <datafield tag="650" ind1=" " ind2="0">
    <subfield code="a">Concertos (Violin with string orchestra)</subfield>
  </datafield>
  <datafield tag="700" ind1="1" ind2=" ">
    <subfield code="a">Zukerman, Pinchas,</subfield>
    <subfield code="d">1948-</subfield>
    <subfield code="4">prf</subfield>
  </datafield>
  <datafield tag="700" ind1="1" ind2=" ">
    <subfield code="a">Ledger, Philip.</subfield>
    <subfield code="4">prf</subfield>
  </datafield>
  <datafield tag="710" ind1="2" ind2=" ">
    <subfield code="a">English Chamber Orchestra.</subfield>
    <subfield code="4">prf</subfield>
  </datafield>
</record>