<record xmlns="http://www.loc.gov/MARC21/slim">
<!-- Indicator length at offset 10 should hold a digit. Assuming 2 -->
<!-- Identifier length at offset 11 should hold a digit. Assuming 2 -->
<!-- Length data entry at offset 20 should hold a digit. Assuming 4 -->
<!-- Length starting at offset 21 should hold a digit. Assuming 5 -->
<!-- Length implementation at offset 22 should hold a digit. Assuming 0 -->
  <leader>00962cgm a2200217I  450 </leader>
  <controlfield tag="001">913559</controlfield>
  <controlfield tag="008">740611s1966    xx                mueng d</controlfield>
  <datafield tag="040" ind1=" " ind2=" ">
    <subfield code="a">SJD</subfield>
    <subfield code="c">SJD</subfield>
    <subfield code="d">OCL</subfield>
  </datafield>
  <datafield tag="050" ind1=" " ind2="4">
    <subfield code="a">TL15</subfield>
    <subfield code="b">.E2-F</subfield>
  </datafield>
  <datafield tag="245" ind1="0" ind2="4">
    <subfield code="a">The Early automobile.</subfield>
    <subfield code="h">(Motion picture)</subfield>
  </datafield>
  <datafield tag="260" ind1=" " ind2=" ">
    <subfield code="b">Thorne Films,</subfield>
    <subfield code="c">1966.</subfield>
  </datafield>
  <datafield tag="300" ind1=" " ind2=" ">
    <subfield code="a">5 min.</subfield>
    <subfield code="b">si.  b&amp;w.</subfield>
    <subfield code="c">8 mm.</subfield>
  </datafield>
  <datafield tag="490" ind1="1" ind2=" ">
    <subfield code="a">8 mm. documents project,</subfield>
    <subfield code="v">no. 110</subfield>
  </datafield>
  <datafield tag="500" ind1=" " ind2=" ">
    <subfield code="a">Loop film mounted in cartridge.  Issued in standard 8 mm. and in super 8 mm.</subfield>
  </datafield>
  <datafield tag="508" ind1=" " ind2=" ">
    <subfield code="a">Producer, Dale C. Willard: film notes, James C. Schott.</subfield>
  </datafield>
  <datafield tag="520" ind1=" " ind2=" ">
    <subfield code="a">Re-enacts Henry Ford's first trial run in his quadracycle.  Shows a Model K frightening horses and drawing a crowd of curious people and a Model N being cranked up and driven off.  Includes views of Barney Oldfield in his racer 999 making a run around the track.</subfield>
  </datafield>
  <datafield tag="650" ind1=" " ind2="0">
    <subfield code="a">Automobiles</subfield>
    <subfield code="x">History.</subfield>
  </datafield>
  <datafield tag="650" ind1=" " ind2="0">
    <subfield code="a">Ford automobile.</subfield>
  </datafield>
  <datafield tag="710" ind1="2" ind2=" ">
    <subfield code="a">Thorne Films, Inc.</subfield>
  </datafield>
  <datafield tag="830" ind1=" " ind2="0">
    <subfield code="a">8 mm. documents project.</subfield>
  </datafield>
  <datafield tag="994" ind1=" " ind2=" ">
    <subfield code="a">11</subfield>
    <subfield code="b">OCL</subfield>
    <subfield code="i">00143</subfield>
  </datafield>
</record>