<record xmlns="http://www.loc.gov/MARC21/slim">
<!-- Indicator length at offset 10 should hold a digit. Assuming 2 -->
<!-- Identifier length at offset 11 should hold a digit. Assuming 2 -->
<!-- Length data entry at offset 20 should hold a digit. Assuming 4 -->
<!-- Length starting at offset 21 should hold a digit. Assuming 5 -->
<!-- Length implementation at offset 22 should hold a digit. Assuming 0 -->
  <leader>01188cjm a2200301I  450 </leader>
  <controlfield tag="001">916534</controlfield>
  <controlfield tag="008">740612s1972    xx zzn              kor d</controlfield>
  <controlfield tag="007">sd bsme|||||||</controlfield>
  <datafield tag="010" ind1=" " ind2=" ">
    <subfield code="a">   74760006 </subfield>
  </datafield>
  <datafield tag="040" ind1=" " ind2=" ">
    <subfield code="a">KSU</subfield>
    <subfield code="c">KSU</subfield>
    <subfield code="d">OCL</subfield>
    <subfield code="d">OCLCQ</subfield>
    <subfield code="d">SINLB</subfield>
  </datafield>
  <datafield tag="041" ind1="0" ind2=" ">
    <subfield code="e">eng</subfield>
  </datafield>
  <datafield tag="043" ind1=" " ind2=" ">
    <subfield code="a">a-kr---</subfield>
  </datafield>
  <datafield tag="050" ind1=" " ind2="4">
    <subfield code="a">M1816</subfield>
    <subfield code="b">.P3 1972</subfield>
  </datafield>
  <datafield tag="082" ind1="0" ind2="4">
    <subfield code="a">781.7519</subfield>
    <subfield code="2">18</subfield>
  </datafield>
  <datafield tag="245" ind1="0" ind2="0">
    <subfield code="a">P'ansori, Korea's epic vocal art,</subfield>
    <subfield code="b">and instrumental music.</subfield>
    <subfield code="h">[sound recording].</subfield>
  </datafield>
  <datafield tag="262" ind1=" " ind2=" ">
    <subfield code="b">Nonesuch</subfield>
    <subfield code="c">H 72049.</subfield>
    <subfield code="d">[1972]</subfield>
  </datafield>
  <datafield tag="305" ind1=" " ind2=" ">
    <subfield code="a">1 disc.</subfield>
    <subfield code="b">33 1/3 rpm. stereophonic.</subfield>
    <subfield code="c">12 in.</subfield>
  </datafield>
  <datafield tag="440" ind1=" " ind2="0">
    <subfield code="a">Explorer series</subfield>
  </datafield>
  <datafield tag="511" ind1=" " ind2=" ">
    <subfield code="a">Kim, So-hee, singer; Kim, Yoon-duk, pook or kuhmoongo; Chi, Young-hee, p'iri, changgo, or haegeum; Sung, Keum-yun, changgo or kayageum.</subfield>
  </datafield>
  <datafield tag="500" ind1=" " ind2=" ">
    <subfield code="a">Durations listed on labels.</subfield>
  </datafield>
  <datafield tag="500" ind1=" " ind2=" ">
    <subfield code="a">Program notes by J. Cott and D. Lewiston on slipcase.</subfield>
  </datafield>
  <datafield tag="505" ind1="0" ind2=" ">
    <subfield code="a">Scene from Heung boo-ga (p'ansori)--Pyungjo hoe sang (first movement)--Kayageum sanjo.--Haegeum shinawi.--Kuhmoongo sanjo.--Chambu taryong.--Scene from Shim-ch'ung-ga (p'ansori).</subfield>
  </datafield>
  <datafield tag="650" ind1=" " ind2="0">
    <subfield code="a">Music, Korean.</subfield>
  </datafield>
  <datafield tag="650" ind1=" " ind2="0">
    <subfield code="a">Chʻanggŭk</subfield>
    <subfield code="v">Excerpts.</subfield>
  </datafield>
  <datafield tag="700" ind1="1" ind2=" ">
    <subfield code="a">Kim, So-hee.</subfield>
  </datafield>
  <datafield tag="700" ind1="1" ind2=" ">
    <subfield code="a">Kim, Yoon-duk.</subfield>
  </datafield>
  <datafield tag="700" ind1="1" ind2=" ">
    <subfield code="a">Chi, Young-hee.</subfield>
  </datafield>
  <datafield tag="700" ind1="1" ind2=" ">
    <subfield code="a">Sung, Keum-yun.</subfield>
  </datafield>
</record>