<record xmlns="http://www.loc.gov/MARC21/slim">
<!-- Indicator length at offset 10 should hold a digit. Assuming 2 -->
<!-- Identifier length at offset 11 should hold a digit. Assuming 2 -->
<!-- Length data entry at offset 20 should hold a digit. Assuming 4 -->
<!-- Length starting at offset 21 should hold a digit. Assuming 5 -->
<!-- Length implementation at offset 22 should hold a digit. Assuming 0 -->
  <leader>01893cjm a2200409I  450 </leader>
  <controlfield tag="001">939641</controlfield>
  <controlfield tag="008">740709s1969    nyuzzn   i          ger  </controlfield>
  <controlfield tag="009">4</controlfield>
  <controlfield tag="007">sd bsmenn|||||</controlfield>
  <datafield tag="010" ind1=" " ind2=" ">
    <subfield code="a">   77762060 </subfield>
  </datafield>
  <datafield tag="040" ind1=" " ind2=" ">
    <subfield code="a">DLC</subfield>
    <subfield code="c">MRC</subfield>
    <subfield code="d">OCL</subfield>
    <subfield code="d">OCLCQ</subfield>
    <subfield code="d">MUQ</subfield>
  </datafield>
  <datafield tag="019" ind1=" " ind2=" ">
    <subfield code="a">4424306</subfield>
    <subfield code="a">49764486</subfield>
  </datafield>
  <datafield tag="028" ind1="0" ind2="0">
    <subfield code="a">H-71232</subfield>
    <subfield code="b">Nonesuch</subfield>
  </datafield>
  <datafield tag="041" ind1="0" ind2=" ">
    <subfield code="d">gerlat</subfield>
    <subfield code="e">eng</subfield>
  </datafield>
  <datafield tag="048" ind1=" " ind2=" ">
    <subfield code="a">ca</subfield>
    <subfield code="a">oa</subfield>
  </datafield>
  <datafield tag="050" ind1=" " ind2="4">
    <subfield code="a">M2060</subfield>
    <subfield code="b">.N55</subfield>
  </datafield>
  <datafield tag="082" ind1=" " ind2="4">
    <subfield code="a">783.65</subfield>
  </datafield>
  <datafield tag="245" ind1="0" ind2="2">
    <subfield code="a">A Nonesuch Christmas;</subfield>
    <subfield code="b">from the Baroque, Renaissance, and Middle Ages.</subfield>
    <subfield code="h">[sound recording].</subfield>
  </datafield>
  <datafield tag="262" ind1=" " ind2=" ">
    <subfield code="b">Nonesuch Records</subfield>
    <subfield code="c">H 71232.</subfield>
    <subfield code="d">[1969]</subfield>
  </datafield>
  <datafield tag="305" ind1=" " ind2=" ">
    <subfield code="a">1 disc.</subfield>
    <subfield code="b">33 1/3 rpm. microgroove. stereo.</subfield>
    <subfield code="c">12 in.</subfield>
  </datafield>
  <datafield tag="511" ind1=" " ind2=" ">
    <subfield code="a">Various choruses and orchestras.</subfield>
  </datafield>
  <datafield tag="500" ind1=" " ind2=" ">
    <subfield code="a">Contains works by Bach, Dufay, G. Gabrieli, Hammerschmidt, Handl, Praetorius, Schein, Schütz, Speer, and Walter.</subfield>
  </datafield>
  <datafield tag="500" ind1=" " ind2=" ">
    <subfield code="a">Program notes by Joshua Rifkin and texts on slipcase.</subfield>
  </datafield>
  <datafield tag="505" ind1="0" ind2=" ">
    <subfield code="a">Works by Bach, Dufay, G. Gabriell, Hammerschmidt, Handel, Praetorius, Schein, Schütz, Speer, and Walter.</subfield>
  </datafield>
  <datafield tag="650" ind1=" " ind2="0">
    <subfield code="a">Choruses, Sacred (Mixed voices) with various accompaniments.</subfield>
  </datafield>
  <datafield tag="650" ind1=" " ind2="0">
    <subfield code="a">Orchestral music.</subfield>
  </datafield>
  <datafield tag="650" ind1=" " ind2="0">
    <subfield code="a">Christmas music.</subfield>
  </datafield>
  <datafield tag="700" ind1="1" ind2="2">
    <subfield code="a">Praetorius, Michael,</subfield>
    <subfield code="d">1571-1621.</subfield>
    <subfield code="t">Vocal music.</subfield>
    <subfield code="k">Selections.</subfield>
  </datafield>
  <datafield tag="700" ind1="1" ind2="2">
    <subfield code="a">Schein, Johann Hermann,</subfield>
    <subfield code="d">1586-1630.</subfield>
    <subfield code="t">Banchetto musicale</subfield>
    <subfield code="n">No. 2.</subfield>
  </datafield>
  <datafield tag="700" ind1="1" ind2="2">
    <subfield code="a">Walter, Johann,</subfield>
    <subfield code="d">1496-1570.</subfield>
    <subfield code="t">Geystliche gesangk Buchleyn.</subfield>
    <subfield code="p">Joseph, lieber Joseph mein.</subfield>
  </datafield>
  <datafield tag="700" ind1="1" ind2="2">
    <subfield code="a">Gabrieli, Giovanni,</subfield>
    <subfield code="d">1557-1612.</subfield>
    <subfield code="t">Vocal music.</subfield>
    <subfield code="k">Selections.</subfield>
  </datafield>
  <datafield tag="700" ind1="1" ind2="2">
    <subfield code="a">Speer, Daniel,</subfield>
    <subfield code="d">1636-1707.</subfield>
    <subfield code="t">Instrumental music.</subfield>
    <subfield code="k">Selections.</subfield>
  </datafield>
  <datafield tag="700" ind1="1" ind2="2">
    <subfield code="a">Schütz, Heinrich,</subfield>
    <subfield code="d">1585-1672.</subfield>
    <subfield code="t">Ein Kind ist uns geboren.</subfield>
  </datafield>
  <datafield tag="700" ind1="1" ind2="2">
    <subfield code="a">Bach, Johann Sebastian,</subfield>
    <subfield code="d">1685-1750.</subfield>
    <subfield code="t">Wir Christenleut.</subfield>
  </datafield>
  <datafield tag="700" ind1="1" ind2="2">
    <subfield code="a">Hammerschmidt, Andreas,</subfield>
    <subfield code="d">1611 or 12-1675.</subfield>
    <subfield code="t">Vocal music.</subfield>
    <subfield code="k">Selections.</subfield>
  </datafield>
  <datafield tag="700" ind1="1" ind2="2">
    <subfield code="a">Handl, Jacob,</subfield>
    <subfield code="d">1550-1591.</subfield>
    <subfield code="t">Egredietur virga.</subfield>
  </datafield>
  <datafield tag="700" ind1="1" ind2="2">
    <subfield code="a">Dufay, Guillaume,</subfield>
    <subfield code="d">d. 1474.</subfield>
    <subfield code="t">Alma redemptoris mater.</subfield>
  </datafield>
</record>