<record xmlns="http://www.loc.gov/MARC21/slim">
<!-- Indicator length at offset 10 should hold a digit. Assuming 2 -->
<!-- Identifier length at offset 11 should hold a digit. Assuming 2 -->
<!-- Length data entry at offset 20 should hold a digit. Assuming 4 -->
<!-- Length starting at offset 21 should hold a digit. Assuming 5 -->
<!-- Length implementation at offset 22 should hold a digit. Assuming 0 -->
  <leader>01505cjm a2200337I  450 </leader>
  <controlfield tag="001">977676</controlfield>
  <controlfield tag="008">740816s1956    xx   n              zxx d</controlfield>
  <controlfield tag="007">sd bsmenn|||||</controlfield>
  <datafield tag="010" ind1=" " ind2=" ">
    <subfield code="a">r  57000398 </subfield>
  </datafield>
  <datafield tag="040" ind1=" " ind2=" ">
    <subfield code="a">KSU</subfield>
    <subfield code="c">KSU</subfield>
    <subfield code="d">OCL</subfield>
    <subfield code="d">OCLCQ</subfield>
    <subfield code="d">OCLCG</subfield>
    <subfield code="d">IXA</subfield>
    <subfield code="d">BOS</subfield>
    <subfield code="d">SYB</subfield>
  </datafield>
  <datafield tag="019" ind1=" " ind2=" ">
    <subfield code="a">9733876</subfield>
  </datafield>
  <datafield tag="028" ind1="0" ind2="0">
    <subfield code="a">CRI-109</subfield>
    <subfield code="b">Composers Recordings</subfield>
  </datafield>
  <datafield tag="048" ind1=" " ind2=" ">
    <subfield code="a">ka01</subfield>
  </datafield>
  <datafield tag="050" ind1=" " ind2="4">
    <subfield code="a">M25</subfield>
    <subfield code="b">.C6</subfield>
  </datafield>
  <datafield tag="082" ind1=" " ind2="4">
    <subfield code="a">933</subfield>
  </datafield>
  <datafield tag="100" ind1="1" ind2=" ">
    <subfield code="a">Cowell, Henry,</subfield>
    <subfield code="d">1897-1965.</subfield>
  </datafield>
  <datafield tag="240" ind1="1" ind2="0">
    <subfield code="a">Piano music.</subfield>
    <subfield code="k">Selections</subfield>
  </datafield>
  <datafield tag="245" ind1="0" ind2="0">
    <subfield code="a">Piano music</subfield>
    <subfield code="h">[sound recording].</subfield>
  </datafield>
  <datafield tag="262" ind1=" " ind2=" ">
    <subfield code="b">Composers Recordings</subfield>
    <subfield code="c">CRI SD 109.</subfield>
    <subfield code="d">[1956?]</subfield>
  </datafield>
  <datafield tag="305" ind1=" " ind2=" ">
    <subfield code="a">1 s.</subfield>
    <subfield code="b">12 in.</subfield>
    <subfield code="c">33 1/3 rpm.</subfield>
    <subfield code="d">microgroove.</subfield>
    <subfield code="e">stereophonic.</subfield>
  </datafield>
  <datafield tag="511" ind1=" " ind2=" ">
    <subfield code="a">Performed by the composer.</subfield>
  </datafield>
  <datafield tag="500" ind1=" " ind2=" ">
    <subfield code="a">Program notes by Lester Trimble on slipcase.</subfield>
  </datafield>
  <datafield tag="505" ind1="0" ind2=" ">
    <subfield code="a">Advertisement (1914)--The banshee (1925)--Sinister resonance (1930)--Aeolian harp (1923)--The tides of Manaunaun (1912)--Lilt of the reel (1925).</subfield>
  </datafield>
  <datafield tag="501" ind1=" " ind2=" ">
    <subfield code="a">With: Pinkham, Daniel. Concertos, celesta, harpsichord.--Cowell, Henry. Prelude, violin &amp; harpsichord.--Hovhaness, A.S. Duets, violin, harpsichord, op. 122.--Pinkham, Daniel. Cantilena, violin &amp; harpsichord.</subfield>
  </datafield>
  <datafield tag="650" ind1=" " ind2="0">
    <subfield code="a">Piano music.</subfield>
  </datafield>
  <datafield tag="700" ind1="1" ind2="2">
    <subfield code="a">Cowell, Henry,</subfield>
    <subfield code="d">1897-1965.</subfield>
    <subfield code="t">Advertisement.</subfield>
  </datafield>
  <datafield tag="700" ind1="1" ind2="2">
    <subfield code="a">Cowell, Henry,</subfield>
    <subfield code="d">1897-1965.</subfield>
    <subfield code="t">Banshee.</subfield>
  </datafield>
  <datafield tag="700" ind1="1" ind2="2">
    <subfield code="a">Cowell, Henry,</subfield>
    <subfield code="d">1897-1965.</subfield>
    <subfield code="t">Sinster resonance.</subfield>
  </datafield>
  <datafield tag="700" ind1="1" ind2="2">
    <subfield code="a">Cowell, Henry,</subfield>
    <subfield code="d">1897-1965.</subfield>
    <subfield code="t">Aeolian harp.</subfield>
  </datafield>
  <datafield tag="700" ind1="1" ind2="2">
    <subfield code="a">Cowell, Henry,</subfield>
    <subfield code="d">1897-1965.</subfield>
    <subfield code="t">Irish legends.</subfield>
    <subfield code="p">Tides of Manaunaun.</subfield>
  </datafield>
  <datafield tag="700" ind1="1" ind2="2">
    <subfield code="a">Cowell, Henry,</subfield>
    <subfield code="d">1897-1965.</subfield>
    <subfield code="t">Lilt of the reel.</subfield>
  </datafield>
</record>