<record xmlns="http://www.loc.gov/MARC21/slim">
<!-- Indicator length at offset 10 should hold a digit. Assuming 2 -->
<!-- Identifier length at offset 11 should hold a digit. Assuming 2 -->
<!-- Length data entry at offset 20 should hold a digit. Assuming 4 -->
<!-- Length starting at offset 21 should hold a digit. Assuming 5 -->
<!-- Length implementation at offset 22 should hold a digit. Assuming 0 -->
  <leader>00668cgm a2200193K  450 </leader>
  <controlfield tag="001">988072</controlfield>
  <controlfield tag="008">740823s1971    mnu132            vueng d</controlfield>
  <datafield tag="040" ind1=" " ind2=" ">
    <subfield code="a">CHS</subfield>
    <subfield code="b">eng</subfield>
    <subfield code="c">CHS</subfield>
    <subfield code="d">OCL</subfield>
    <subfield code="d">OCLCQ</subfield>
  </datafield>
  <datafield tag="245" ind1="0" ind2="0">
    <subfield code="a">Restorative dentistry - the team approach.</subfield>
    <subfield code="h">[videorecording]</subfield>
    <subfield code="b">Parts I, II, III.</subfield>
  </datafield>
  <datafield tag="261" ind1=" " ind2=" ">
    <subfield code="a">Minnesota Dental Association,</subfield>
    <subfield code="d">1971.</subfield>
  </datafield>
  <datafield tag="300" ind1=" " ind2=" ">
    <subfield code="a">132 min.</subfield>
    <subfield code="b">sd., col.</subfield>
    <subfield code="c">3/4 in.</subfield>
  </datafield>
  <datafield tag="500" ind1=" " ind2=" ">
    <subfield code="a">Sony cassette.</subfield>
  </datafield>
  <datafield tag="508" ind1=" " ind2=" ">
    <subfield code="a">John A. Anderson, D.D.S.</subfield>
  </datafield>
  <datafield tag="500" ind1=" " ind2=" ">
    <subfield code="a">NMAC dub (V-2290-X).</subfield>
  </datafield>
  <datafield tag="500" ind1=" " ind2=" ">
    <subfield code="a">Audience level: Senior dental students and dental practitioners.</subfield>
  </datafield>
  <datafield tag="650" ind1=" " ind2="2">
    <subfield code="a">Inlays.</subfield>
  </datafield>
  <datafield tag="650" ind1=" " ind2="2">
    <subfield code="a">Patient Care Team.</subfield>
  </datafield>
  <datafield tag="650" ind1=" " ind2="2">
    <subfield code="a">Dental Restoration, Permanent.</subfield>
  </datafield>
  <datafield tag="650" ind1=" " ind2="2">
    <subfield code="a">Dentistry, Operative.</subfield>
  </datafield>
</record>