<record xmlns="http://www.loc.gov/MARC21/slim">
<!-- Indicator length at offset 10 should hold a digit. Assuming 2 -->
<!-- Identifier length at offset 11 should hold a digit. Assuming 2 -->
<!-- Length data entry at offset 20 should hold a digit. Assuming 4 -->
<!-- Length starting at offset 21 should hold a digit. Assuming 5 -->
<!-- Length implementation at offset 22 should hold a digit. Assuming 0 -->
  <leader>01614cjm a2200277I  450 </leader>
  <controlfield tag="001">1015366</controlfield>
  <controlfield tag="008">740919s1971    xx opn   i          ita d</controlfield>
  <controlfield tag="007">sd bsme|||||||</controlfield>
  <datafield tag="010" ind1=" " ind2=" ">
    <subfield code="a">   78765073 </subfield>
  </datafield>
  <datafield tag="040" ind1=" " ind2=" ">
    <subfield code="a">KSU</subfield>
    <subfield code="c">KSU</subfield>
    <subfield code="d">OCL</subfield>
    <subfield code="d">OCLCQ</subfield>
    <subfield code="d">BOS</subfield>
    <subfield code="d">UAB</subfield>
  </datafield>
  <datafield tag="048" ind1=" " ind2=" ">
    <subfield code="b">vd01</subfield>
    <subfield code="a">oa</subfield>
    <subfield code="a">ca</subfield>
  </datafield>
  <datafield tag="050" ind1="1" ind2="4">
    <subfield code="a">M1505</subfield>
    <subfield code="b">.P392</subfield>
  </datafield>
  <datafield tag="245" ind1="0" ind2="0">
    <subfield code="a">Tenor arias from Italian opera.</subfield>
    <subfield code="h">[sound recording].</subfield>
  </datafield>
  <datafield tag="262" ind1=" " ind2=" ">
    <subfield code="b">London</subfield>
    <subfield code="c">OS 26192.</subfield>
    <subfield code="d">[1971]</subfield>
  </datafield>
  <datafield tag="305" ind1=" " ind2=" ">
    <subfield code="a">2 s.</subfield>
    <subfield code="b">12 in.</subfield>
    <subfield code="c">33 1/3 rpm.</subfield>
    <subfield code="d">microgroove.</subfield>
    <subfield code="e">stereophonic.</subfield>
  </datafield>
  <datafield tag="500" ind1=" " ind2=" ">
    <subfield code="a">Slipcase title: Primo tenore.</subfield>
  </datafield>
  <datafield tag="511" ind1=" " ind2=" ">
    <subfield code="a">Luciano Pavarotti; assisting soloists; Vienna Opera Orchestra and Chorus, Nicola Rescigno, conductor; New Philharmonia Orchestra and Chorus, Leone Magiera, conductor.</subfield>
  </datafield>
  <datafield tag="500" ind1=" " ind2=" ">
    <subfield code="a">Program notes by Gerald Fitzgerald on slipcase.</subfield>
  </datafield>
  <datafield tag="505" ind1="0" ind2=" ">
    <subfield code="a">Non mi lasciare ; O muto asil ; Corriam! Voliam / Rossini (William Tell) (9:40) -- A te o cara / Bellini (I Puritani) (6:35) -- Com' è gentil / Donizetti (Don Pasquale) (3:37) -- Ogni mortal mister ; Giunte sul passo estremo / Boito (Melfistofele) (4:35) -- Di qual tetra luce ; Ah! si, ben mio ; L'onda de; suoni mistici ; Di quella pia / Verdi (Il Trovatore) (10:15) -- Cielo e mar! / Ponchielli (La Gioconda) (6:06) -- Che gelida manina / Puccini (La Boheme) (4:47) -- Lamento di Federico: E ́la solita storia / Cilèa (L'Arlesiana) (4:58) -- Io conosco un giardino / Pietri (Maristella) (1:59)</subfield>
  </datafield>
  <datafield tag="650" ind1=" " ind2="0">
    <subfield code="a">Operas</subfield>
    <subfield code="v">Excerpts.</subfield>
  </datafield>
  <datafield tag="700" ind1="1" ind2=" ">
    <subfield code="a">Pavarotti, Luciano.</subfield>
  </datafield>
  <datafield tag="700" ind1="1" ind2=" ">
    <subfield code="a">Rescigno, Nicola.</subfield>
  </datafield>
  <datafield tag="700" ind1="1" ind2=" ">
    <subfield code="a">Magiera, Leone.</subfield>
  </datafield>
  <datafield tag="710" ind1="2" ind2=" ">
    <subfield code="a">Wiener Staatsoper.</subfield>
    <subfield code="b">Orchester.</subfield>
  </datafield>
  <datafield tag="710" ind1="2" ind2=" ">
    <subfield code="a">New Philharmonia Orchestra.</subfield>
    <subfield code="4">prf</subfield>
  </datafield>
  <datafield tag="740" ind1="0" ind2="0">
    <subfield code="a">Primo tenore.</subfield>
  </datafield>
</record>