<record xmlns="http://www.loc.gov/MARC21/slim">
<!-- Indicator length at offset 10 should hold a digit. Assuming 2 -->
<!-- Identifier length at offset 11 should hold a digit. Assuming 2 -->
<!-- Length data entry at offset 20 should hold a digit. Assuming 4 -->
<!-- Length starting at offset 21 should hold a digit. Assuming 5 -->
<!-- Length implementation at offset 22 should hold a digit. Assuming 0 -->
  <leader>01300cjm a2200313I  450 </leader>
  <controlfield tag="001">1051353</controlfield>
  <controlfield tag="008">741024s1970    xx   n              zxx d</controlfield>
  <controlfield tag="007">sd bsmenn|||||</controlfield>
  <datafield tag="010" ind1=" " ind2=" ">
    <subfield code="a">   70762471 </subfield>
  </datafield>
  <datafield tag="040" ind1=" " ind2=" ">
    <subfield code="a">KSU</subfield>
    <subfield code="c">KSU</subfield>
    <subfield code="d">OCL</subfield>
    <subfield code="d">OCL</subfield>
    <subfield code="d">OCLCQ</subfield>
    <subfield code="d">OCLCG</subfield>
    <subfield code="d">BOS</subfield>
  </datafield>
  <datafield tag="028" ind1="0" ind2="0">
    <subfield code="a">CRI Sd 251</subfield>
    <subfield code="b">Composers Recordings</subfield>
  </datafield>
  <datafield tag="041" ind1="0" ind2=" ">
    <subfield code="g">chieng</subfield>
  </datafield>
  <datafield tag="050" ind1="1" ind2="4">
    <subfield code="a">M985.C62</subfield>
    <subfield code="b">S622</subfield>
  </datafield>
  <datafield tag="082" ind1=" " ind2="4">
    <subfield code="a">785.1</subfield>
  </datafield>
  <datafield tag="100" ind1="1" ind2=" ">
    <subfield code="a">Chou, Wen-Chung,</subfield>
    <subfield code="d">1923-</subfield>
  </datafield>
  <datafield tag="240" ind1="1" ind2="0">
    <subfield code="a">Instrumental music.</subfield>
    <subfield code="k">Selections</subfield>
  </datafield>
  <datafield tag="245" ind1="1" ind2="0">
    <subfield code="a">Bian</subfield>
    <subfield code="h">[sound recording]</subfield>
    <subfield code="b">Yü ko. Cursive. The willows are new.</subfield>
  </datafield>
  <datafield tag="262" ind1=" " ind2=" ">
    <subfield code="b">Composers Recordings</subfield>
    <subfield code="c">CRI SD 251.</subfield>
    <subfield code="d">[1970]</subfield>
  </datafield>
  <datafield tag="305" ind1=" " ind2=" ">
    <subfield code="a">2 s.</subfield>
    <subfield code="c">12 in.</subfield>
    <subfield code="b">33 1/3 rpm. microgroove. stereophonic.</subfield>
  </datafield>
  <datafield tag="511" ind1="0" ind2=" ">
    <subfield code="a">The 1st two works are performed by the Group for Contemporary Music at Columbia University, Harvey Sollberger, conductor; the 3d by Harvey Sollberger, flute and Charles Wuorinen, piano; the 4th by Yi-an Chang, piano.</subfield>
  </datafield>
  <datafield tag="500" ind1=" " ind2=" ">
    <subfield code="a">Program notes on slipcase.</subfield>
  </datafield>
  <datafield tag="650" ind1=" " ind2="0">
    <subfield code="a">Instrumental ensembles.</subfield>
  </datafield>
  <datafield tag="650" ind1=" " ind2="0">
    <subfield code="a">Flute and piano music.</subfield>
  </datafield>
  <datafield tag="650" ind1=" " ind2="0">
    <subfield code="a">Piano music.</subfield>
  </datafield>
  <datafield tag="700" ind1="1" ind2=" ">
    <subfield code="a">Sollberger, Harvey.</subfield>
  </datafield>
  <datafield tag="700" ind1="1" ind2=" ">
    <subfield code="a">Wuorinen, Charles.</subfield>
  </datafield>
  <datafield tag="700" ind1="1" ind2=" ">
    <subfield code="a">Chang, Yi-an.</subfield>
    <subfield code="4">prf</subfield>
  </datafield>
  <datafield tag="710" ind1="2" ind2=" ">
    <subfield code="a">Group for Contemporary Music.</subfield>
    <subfield code="4">prf</subfield>
  </datafield>
  <datafield tag="987" ind1=" " ind2=" ">
    <subfield code="a">PINYIN</subfield>
    <subfield code="b">OCoLC</subfield>
    <subfield code="c">20020111</subfield>
    <subfield code="d">r</subfield>
    <subfield code="e">10.15.2001</subfield>
    <subfield code="f">100-a Not AC match but WG / 245-a NON-CHI ACCESS / 245-b NON-CHI ACCESS /</subfield>
  </datafield>
</record>