<record xmlns="http://www.loc.gov/MARC21/slim">
<!-- Indicator length at offset 10 should hold a digit. Assuming 2 -->
<!-- Identifier length at offset 11 should hold a digit. Assuming 2 -->
<!-- Length data entry at offset 20 should hold a digit. Assuming 4 -->
<!-- Length starting at offset 21 should hold a digit. Assuming 5 -->
<!-- Length implementation at offset 22 should hold a digit. Assuming 0 -->
  <leader>00643cjm a2200169I  450 </leader>
  <controlfield tag="001">1059537</controlfield>
  <controlfield tag="008">741029s1965    xx   n              zxx d</controlfield>
  <datafield tag="040" ind1=" " ind2=" ">
    <subfield code="a">WPG</subfield>
    <subfield code="c">WPG</subfield>
    <subfield code="d">OCL</subfield>
    <subfield code="d">OCLCQ</subfield>
    <subfield code="d">OCLCG</subfield>
  </datafield>
  <datafield tag="100" ind1="1" ind2=" ">
    <subfield code="a">Bach, Johann Sebastian,</subfield>
    <subfield code="d">1685-1750.</subfield>
  </datafield>
  <datafield tag="240" ind1="1" ind2="0">
    <subfield code="a">Harpsichord music.</subfield>
    <subfield code="k">Selections</subfield>
  </datafield>
  <datafield tag="245" ind1="1" ind2="2">
    <subfield code="a">A Bach recital</subfield>
    <subfield code="h">[sound recording].</subfield>
  </datafield>
  <datafield tag="262" ind1=" " ind2=" ">
    <subfield code="b">Decca</subfield>
    <subfield code="c">LXT 2820</subfield>
    <subfield code="d">[ca.1965]</subfield>
  </datafield>
  <datafield tag="305" ind1=" " ind2=" ">
    <subfield code="a">2s.</subfield>
    <subfield code="b">12in.</subfield>
    <subfield code="c">33 1/3 rpm.</subfield>
  </datafield>
  <datafield tag="511" ind1=" " ind2=" ">
    <subfield code="a">Wilhelm Kempff, piano.</subfield>
  </datafield>
  <datafield tag="505" ind1="0" ind2=" ">
    <subfield code="a">Chromatic fantasia and fugue, D minor.--Jesu, joy of man's desiring.--Three chorale-preludes.--Siciliano.--Sleeper's wake.</subfield>
  </datafield>
  <datafield tag="650" ind1=" " ind2="0">
    <subfield code="a">Piano music, Arranged.</subfield>
  </datafield>
  <datafield tag="700" ind1="1" ind2=" ">
    <subfield code="a">Kempff, Wilhelm,</subfield>
    <subfield code="d">1895-1991.</subfield>
    <subfield code="4">prf</subfield>
  </datafield>
</record>