<record xmlns="http://www.loc.gov/MARC21/slim">
<!-- Indicator length at offset 10 should hold a digit. Assuming 2 -->
<!-- Identifier length at offset 11 should hold a digit. Assuming 2 -->
<!-- Length data entry at offset 20 should hold a digit. Assuming 4 -->
<!-- Length starting at offset 21 should hold a digit. Assuming 5 -->
<!-- Length implementation at offset 22 should hold a digit. Assuming 0 -->
  <leader>00760cim a2200181I  450 </leader>
  <controlfield tag="001">1067468</controlfield>
  <controlfield tag="008">741106s1970    nz nnn         p    eng d</controlfield>
  <datafield tag="040" ind1=" " ind2=" ">
    <subfield code="a">BUF</subfield>
    <subfield code="c">BUF</subfield>
    <subfield code="d">OCL</subfield>
    <subfield code="d">OCLCQ</subfield>
  </datafield>
  <datafield tag="245" ind1="0" ind2="0">
    <subfield code="a">Lament for Barney Flanagan</subfield>
    <subfield code="b">and other poems</subfield>
    <subfield code="c">[by James K. Baxter and Lawrence Durrell.</subfield>
    <subfield code="h">[sound recording].</subfield>
  </datafield>
  <datafield tag="260" ind1=" " ind2=" ">
    <subfield code="a">Wellington, N.Z.]</subfield>
    <subfield code="b">Price Milburn in association with Bomar Records</subfield>
    <subfield code="c">[197-] PM SV 1 and 2.</subfield>
  </datafield>
  <datafield tag="300" ind1=" " ind2=" ">
    <subfield code="a">2 sound discs.</subfield>
    <subfield code="b">33 1/3 rpm.</subfield>
    <subfield code="c">17 1/2 in.</subfield>
  </datafield>
  <datafield tag="500" ind1=" " ind2=" ">
    <subfield code="a">Title on slip case: Barney Flanagan and other poems.</subfield>
  </datafield>
  <datafield tag="511" ind1="3" ind2=" ">
    <subfield code="a">Read by James K. Baxter.</subfield>
  </datafield>
  <datafield tag="500" ind1=" " ind2=" ">
    <subfield code="a">Two poems "Prize-giving speech" and "Song for a girl" on slip case.</subfield>
  </datafield>
  <datafield tag="700" ind1="1" ind2=" ">
    <subfield code="a">Baxter, James K.,</subfield>
    <subfield code="d">1926-1972.</subfield>
  </datafield>
  <datafield tag="700" ind1="1" ind2=" ">
    <subfield code="a">Durrell, Lawrence.</subfield>
  </datafield>
  <datafield tag="740" ind1="0" ind2="1">
    <subfield code="a">Barney Flanagan.</subfield>
  </datafield>
  <datafield tag="994" ind1=" " ind2=" ">
    <subfield code="a">11</subfield>
    <subfield code="b">OCL</subfield>
    <subfield code="i">00115</subfield>
  </datafield>
</record>