<record xmlns="http://www.loc.gov/MARC21/slim">
<!-- Indicator length at offset 10 should hold a digit. Assuming 2 -->
<!-- Identifier length at offset 11 should hold a digit. Assuming 2 -->
<!-- Length data entry at offset 20 should hold a digit. Assuming 4 -->
<!-- Length starting at offset 21 should hold a digit. Assuming 5 -->
<!-- Length implementation at offset 22 should hold a digit. Assuming 0 -->
  <leader>00853cjm a2200253I  450 </leader>
  <controlfield tag="001">1069729</controlfield>
  <controlfield tag="007">sd bmme|||||||</controlfield>
  <controlfield tag="008">741108s1951    xx mun              zxx d</controlfield>
  <datafield tag="040" ind1=" " ind2=" ">
    <subfield code="a">XFM</subfield>
    <subfield code="c">XFM</subfield>
    <subfield code="d">OCL</subfield>
    <subfield code="d">OCL</subfield>
    <subfield code="d">OCLCQ</subfield>
    <subfield code="d">OCLCG</subfield>
  </datafield>
  <datafield tag="028" ind1="0" ind2="0">
    <subfield code="a">DL 8522</subfield>
    <subfield code="b">Decca</subfield>
  </datafield>
  <datafield tag="047" ind1=" " ind2=" ">
    <subfield code="a">cg</subfield>
    <subfield code="a">su</subfield>
  </datafield>
  <datafield tag="050" ind1=" " ind2="4">
    <subfield code="a">M1103.M69</subfield>
    <subfield code="b">Z5</subfield>
  </datafield>
  <datafield tag="100" ind1="1" ind2=" ">
    <subfield code="a">Mozart, Wolfgang Amadeus,</subfield>
    <subfield code="d">1756-1791.</subfield>
  </datafield>
  <datafield tag="240" ind1="1" ind2="0">
    <subfield code="a">Serenades,</subfield>
    <subfield code="n">K. 239,</subfield>
    <subfield code="r">D major</subfield>
  </datafield>
  <datafield tag="245" ind1="1" ind2="0">
    <subfield code="a">Serenata notturna in D major, K. 239</subfield>
    <subfield code="h">[sound recording].</subfield>
  </datafield>
  <datafield tag="262" ind1=" " ind2=" ">
    <subfield code="b">Decca</subfield>
    <subfield code="c">DL 8522.</subfield>
    <subfield code="d">[1951]</subfield>
  </datafield>
  <datafield tag="305" ind1=" " ind2=" ">
    <subfield code="a">1 s.</subfield>
    <subfield code="b">12 in.</subfield>
    <subfield code="c">33 1/3 rpm.</subfield>
  </datafield>
  <datafield tag="511" ind1=" " ind2=" ">
    <subfield code="a">James Pappoutsakis, flute, with the Zimbler String Sinfonietta.</subfield>
  </datafield>
  <datafield tag="500" ind1=" " ind2=" ">
    <subfield code="a">Notes on slipcase.</subfield>
  </datafield>
  <datafield tag="501" ind1=" " ind2=" ">
    <subfield code="a">With: Telemann, G.P., Suite, flute &amp; string orchestra, A minor.</subfield>
  </datafield>
  <datafield tag="650" ind1=" " ind2="0">
    <subfield code="a">Concerti grossi.</subfield>
  </datafield>
  <datafield tag="650" ind1=" " ind2="0">
    <subfield code="a">Suites (Orchestra)</subfield>
  </datafield>
  <datafield tag="700" ind1="1" ind2=" ">
    <subfield code="a">Pappoutsakis, James.</subfield>
    <subfield code="4">prf</subfield>
  </datafield>
  <datafield tag="740" ind1="0" ind2="1">
    <subfield code="a">Serenata notturna.</subfield>
  </datafield>
</record>