<record xmlns="http://www.loc.gov/MARC21/slim">
<!-- Indicator length at offset 10 should hold a digit. Assuming 2 -->
<!-- Identifier length at offset 11 should hold a digit. Assuming 2 -->
<!-- Length data entry at offset 20 should hold a digit. Assuming 4 -->
<!-- Length starting at offset 21 should hold a digit. Assuming 5 -->
<!-- Length implementation at offset 22 should hold a digit. Assuming 0 -->
  <leader>00920cjm a2200229I  450 </leader>
  <controlfield tag="001">1124534</controlfield>
  <controlfield tag="008">741230|||||    xx                  eng d</controlfield>
  <controlfield tag="007">sd bsme|||||||</controlfield>
  <datafield tag="040" ind1=" " ind2=" ">
    <subfield code="a">KSU</subfield>
    <subfield code="c">KSU</subfield>
    <subfield code="d">OCL</subfield>
    <subfield code="d">OCLCQ</subfield>
    <subfield code="d">OCLCG</subfield>
  </datafield>
  <datafield tag="050" ind1=" " ind2="4">
    <subfield code="a">M1003.B53</subfield>
    <subfield code="b">E8</subfield>
  </datafield>
  <datafield tag="100" ind1="1" ind2=" ">
    <subfield code="a">Bergsma, William,</subfield>
    <subfield code="d">1921-1994.</subfield>
  </datafield>
  <datafield tag="240" ind1="1" ind2="0">
    <subfield code="a">Gold and the señor commandante</subfield>
  </datafield>
  <datafield tag="245" ind1="1" ind2="0">
    <subfield code="a">Gold and the señor commandante</subfield>
    <subfield code="h">[sound recording] ;</subfield>
    <subfield code="b">ballet.</subfield>
  </datafield>
  <datafield tag="262" ind1=" " ind2=" ">
    <subfield code="b">Eastman Rochester Archives.</subfield>
    <subfield code="c">ERA-1004.</subfield>
    <subfield code="d">[n.d.]</subfield>
  </datafield>
  <datafield tag="305" ind1=" " ind2=" ">
    <subfield code="a">1/2 s.</subfield>
    <subfield code="b">33 1/3 rpm. microgroove. stereophonic.</subfield>
    <subfield code="c">12 in.</subfield>
  </datafield>
  <datafield tag="511" ind1=" " ind2=" ">
    <subfield code="a">Eastman-Rochester Orchestra; Howard Hanson, conductor.</subfield>
  </datafield>
  <datafield tag="500" ind1=" " ind2=" ">
    <subfield code="a">Recorded in the Eastman Theater, Rochester.</subfield>
  </datafield>
  <datafield tag="500" ind1=" " ind2=" ">
    <subfield code="a">Program notes on slipcase.</subfield>
  </datafield>
  <datafield tag="501" ind1=" " ind2=" ">
    <subfield code="a">With: Kennan, K. W. Works, instrumental. Selections.--Rogers, Bernard. Once upon a time.</subfield>
  </datafield>
  <datafield tag="650" ind1=" " ind2="0">
    <subfield code="a">Ballets.</subfield>
  </datafield>
  <datafield tag="710" ind1="2" ind2=" ">
    <subfield code="a">Eastman-Rochester Symphony Orchestra.</subfield>
    <subfield code="4">prf</subfield>
  </datafield>
  <datafield tag="700" ind1="1" ind2=" ">
    <subfield code="a">Hanson, Howard,</subfield>
    <subfield code="d">1896-1981.</subfield>
    <subfield code="4">prf</subfield>
  </datafield>
</record>