<record xmlns="http://www.loc.gov/MARC21/slim">
<!-- Indicator length at offset 10 should hold a digit. Assuming 2 -->
<!-- Identifier length at offset 11 should hold a digit. Assuming 2 -->
<!-- Length data entry at offset 20 should hold a digit. Assuming 4 -->
<!-- Length starting at offset 21 should hold a digit. Assuming 5 -->
<!-- Length implementation at offset 22 should hold a digit. Assuming 0 -->
  <leader>00906cjm a2200241I  450 </leader>
  <controlfield tag="001">1147960</controlfield>
  <controlfield tag="008">750122s1971    xx snn              zxx  </controlfield>
  <controlfield tag="007">sd bsmenn|||||</controlfield>
  <datafield tag="010" ind1=" " ind2=" ">
    <subfield code="a">   76752378 </subfield>
  </datafield>
  <datafield tag="040" ind1=" " ind2=" ">
    <subfield code="a">DLC</subfield>
    <subfield code="c">KSU</subfield>
    <subfield code="d">OCL</subfield>
    <subfield code="d">SER</subfield>
    <subfield code="d">OCL</subfield>
    <subfield code="d">OCLCQ</subfield>
    <subfield code="d">OCLCG</subfield>
    <subfield code="d">INU</subfield>
  </datafield>
  <datafield tag="028" ind1="0" ind2="0">
    <subfield code="a">LSC-3229</subfield>
    <subfield code="b">RCA Red Seal</subfield>
  </datafield>
  <datafield tag="050" ind1=" " ind2="4">
    <subfield code="a">M22.P89</subfield>
    <subfield code="b">S6 1971</subfield>
  </datafield>
  <datafield tag="082" ind1=" " ind2="4">
    <subfield code="a">780.08</subfield>
  </datafield>
  <datafield tag="245" ind1="0" ind2="0">
    <subfield code="a">Two twentieth century masterpieces.</subfield>
    <subfield code="h">[sound recording].</subfield>
  </datafield>
  <datafield tag="262" ind1=" " ind2=" ">
    <subfield code="b">RCA Red Seal</subfield>
    <subfield code="c">LSC-3229.</subfield>
    <subfield code="d">[1971]</subfield>
  </datafield>
  <datafield tag="305" ind1=" " ind2=" ">
    <subfield code="a">2 s.</subfield>
    <subfield code="c">12 in.</subfield>
    <subfield code="b">33 1/3 rpm. stereophonic.</subfield>
  </datafield>
  <datafield tag="511" ind1=" " ind2=" ">
    <subfield code="a">Van Cliburn, piano.</subfield>
  </datafield>
  <datafield tag="500" ind1=" " ind2=" ">
    <subfield code="a">Program notes by Edward Jablonski on slipcase.</subfield>
  </datafield>
  <datafield tag="505" ind1="0" ind2=" ">
    <subfield code="a">Sonata, no. 6, by S. Prokofieff.--Piano sonata, op. 26, by S. Barber.</subfield>
  </datafield>
  <datafield tag="650" ind1=" " ind2="0">
    <subfield code="a">Sonatas (Piano)</subfield>
  </datafield>
  <datafield tag="700" ind1="1" ind2=" ">
    <subfield code="a">Cliburn, Van,</subfield>
    <subfield code="d">1934-</subfield>
    <subfield code="4">prf</subfield>
  </datafield>
  <datafield tag="700" ind1="1" ind2="2">
    <subfield code="a">Prokofiev, Sergey,</subfield>
    <subfield code="d">1891-1953.</subfield>
    <subfield code="t">Sonatas,</subfield>
    <subfield code="m">piano,</subfield>
    <subfield code="n">no. 6, op. 82,</subfield>
    <subfield code="r">A major.</subfield>
  </datafield>
  <datafield tag="700" ind1="1" ind2="2">
    <subfield code="a">Barber, Samuel,</subfield>
    <subfield code="d">1910-1981.</subfield>
    <subfield code="t">Sonatas,</subfield>
    <subfield code="m">piano,</subfield>
    <subfield code="n">op. 26.</subfield>
  </datafield>
</record>