<record xmlns="http://www.loc.gov/MARC21/slim">
<!-- Indicator length at offset 10 should hold a digit. Assuming 2 -->
<!-- Identifier length at offset 11 should hold a digit. Assuming 2 -->
<!-- Length data entry at offset 20 should hold a digit. Assuming 4 -->
<!-- Length starting at offset 21 should hold a digit. Assuming 5 -->
<!-- Length implementation at offset 22 should hold a digit. Assuming 0 -->
  <leader>02547cam a22006731  450 </leader>
  <controlfield tag="001">1173440</controlfield>
  <controlfield tag="008">850402s1961    enkab        f000 0 eng  </controlfield>
  <datafield tag="010" ind1=" " ind2=" ">
    <subfield code="a">gs 61000057 </subfield>
  </datafield>
  <datafield tag="040" ind1=" " ind2=" ">
    <subfield code="a">DLC/ICU</subfield>
    <subfield code="c">CGU</subfield>
    <subfield code="d">DLC</subfield>
    <subfield code="d">UBA</subfield>
    <subfield code="d">BTCTA</subfield>
    <subfield code="d">OCLCG</subfield>
    <subfield code="d">AU@</subfield>
    <subfield code="d">LTU</subfield>
  </datafield>
  <datafield tag="019" ind1=" " ind2=" ">
    <subfield code="a">13130368</subfield>
    <subfield code="a">222191840</subfield>
  </datafield>
  <datafield tag="029" ind1="1" ind2=" ">
    <subfield code="a">NZ1</subfield>
    <subfield code="b">2801223</subfield>
  </datafield>
  <datafield tag="029" ind1="1" ind2=" ">
    <subfield code="a">AU@</subfield>
    <subfield code="b">000013058231</subfield>
  </datafield>
  <datafield tag="029" ind1="1" ind2=" ">
    <subfield code="a">AU@</subfield>
    <subfield code="b">000003803048</subfield>
  </datafield>
  <datafield tag="029" ind1="1" ind2=" ">
    <subfield code="a">AU@</subfield>
    <subfield code="b">000012536604</subfield>
  </datafield>
  <datafield tag="029" ind1="1" ind2=" ">
    <subfield code="a">UNITY</subfield>
    <subfield code="b">084117206</subfield>
  </datafield>
  <datafield tag="029" ind1="1" ind2=" ">
    <subfield code="a">WARCC</subfield>
    <subfield code="b">0118806661</subfield>
  </datafield>
  <datafield tag="029" ind1="1" ind2=" ">
    <subfield code="a">EUSCL</subfield>
    <subfield code="b">0118806661</subfield>
  </datafield>
  <datafield tag="029" ind1="1" ind2=" ">
    <subfield code="a">UKHCC</subfield>
    <subfield code="b">0118806661</subfield>
  </datafield>
  <datafield tag="029" ind1="1" ind2=" ">
    <subfield code="a">UKSUS</subfield>
    <subfield code="b">0118806661</subfield>
  </datafield>
  <datafield tag="029" ind1="1" ind2=" ">
    <subfield code="a">UKWSX</subfield>
    <subfield code="b">0118806661</subfield>
  </datafield>
  <datafield tag="029" ind1="1" ind2=" ">
    <subfield code="a">UKISL</subfield>
    <subfield code="b">0118806661</subfield>
  </datafield>
  <datafield tag="029" ind1="1" ind2=" ">
    <subfield code="a">UKLCL</subfield>
    <subfield code="b">0118806661</subfield>
  </datafield>
  <datafield tag="029" ind1="1" ind2=" ">
    <subfield code="a">UKBCH</subfield>
    <subfield code="b">0118806661</subfield>
  </datafield>
  <datafield tag="029" ind1="1" ind2=" ">
    <subfield code="a">UKTDV</subfield>
    <subfield code="b">0118806661</subfield>
  </datafield>
  <datafield tag="029" ind1="1" ind2=" ">
    <subfield code="a">GLOCC</subfield>
    <subfield code="b">0118806661</subfield>
  </datafield>
  <datafield tag="029" ind1="1" ind2=" ">
    <subfield code="a">UKHCL</subfield>
    <subfield code="b">0118806661</subfield>
  </datafield>
  <datafield tag="029" ind1="1" ind2=" ">
    <subfield code="a">OXFCL</subfield>
    <subfield code="b">0118806661</subfield>
  </datafield>
  <datafield tag="029" ind1="1" ind2=" ">
    <subfield code="a">UKSCO</subfield>
    <subfield code="b">0118806661</subfield>
  </datafield>
  <datafield tag="029" ind1="1" ind2=" ">
    <subfield code="a">LWM</subfield>
    <subfield code="b">0118806661</subfield>
  </datafield>
  <datafield tag="029" ind1="1" ind2=" ">
    <subfield code="a">UKDGL</subfield>
    <subfield code="b">0118806661</subfield>
  </datafield>
  <datafield tag="029" ind1="1" ind2=" ">
    <subfield code="a">UKDLI</subfield>
    <subfield code="b">0118806661</subfield>
  </datafield>
  <datafield tag="029" ind1="1" ind2=" ">
    <subfield code="a">UKNFK</subfield>
    <subfield code="b">0118806661</subfield>
  </datafield>
  <datafield tag="029" ind1="1" ind2=" ">
    <subfield code="a">UKBDF</subfield>
    <subfield code="b">0118806661</subfield>
  </datafield>
  <datafield tag="029" ind1="1" ind2=" ">
    <subfield code="a">UKKLI</subfield>
    <subfield code="b">0118806661</subfield>
  </datafield>
  <datafield tag="029" ind1="1" ind2=" ">
    <subfield code="a">HAF</subfield>
    <subfield code="b">0118806661</subfield>
  </datafield>
  <datafield tag="029" ind1="1" ind2=" ">
    <subfield code="a">UKNLL</subfield>
    <subfield code="b">0118806661</subfield>
  </datafield>
  <datafield tag="029" ind1="1" ind2=" ">
    <subfield code="a">UKERY</subfield>
    <subfield code="b">0118806661</subfield>
  </datafield>
  <datafield tag="029" ind1="1" ind2=" ">
    <subfield code="a">UKBCC</subfield>
    <subfield code="b">0118806661</subfield>
  </datafield>
  <datafield tag="043" ind1=" " ind2=" ">
    <subfield code="a">e-uk-en</subfield>
  </datafield>
  <datafield tag="050" ind1="0" ind2="0">
    <subfield code="a">QE262.E3</subfield>
    <subfield code="b">C4 1961</subfield>
  </datafield>
  <datafield tag="100" ind1="1" ind2=" ">
    <subfield code="a">Chatwin, C. P.</subfield>
    <subfield code="q">(Charles Panzetta),</subfield>
    <subfield code="d">1887-</subfield>
  </datafield>
  <datafield tag="245" ind1="1" ind2="0">
    <subfield code="a">British regional geology;</subfield>
    <subfield code="b">East Anglia and adjoining areas.</subfield>
  </datafield>
  <datafield tag="250" ind1=" " ind2=" ">
    <subfield code="a">4th ed.</subfield>
  </datafield>
  <datafield tag="260" ind1=" " ind2=" ">
    <subfield code="a">London,</subfield>
    <subfield code="b">H.M. Stationery Off.,</subfield>
    <subfield code="c">1961.</subfield>
  </datafield>
  <datafield tag="300" ind1=" " ind2=" ">
    <subfield code="a">vi, 100 p.</subfield>
    <subfield code="b">illus., maps (1 fold.) diagrs.</subfield>
    <subfield code="c">25 cm.</subfield>
  </datafield>
  <datafield tag="500" ind1=" " ind2=" ">
    <subfield code="a">At head of title: Dept. of Scientific and Industrial Research, Geological Survey and Museum.</subfield>
  </datafield>
  <datafield tag="500" ind1=" " ind2=" ">
    <subfield code="a">"Geological Survey maps and memoirs dealing with East Anglia and adjoining areas": p. 99-100.</subfield>
  </datafield>
  <datafield tag="504" ind1=" " ind2=" ">
    <subfield code="a">Includes Geological survey maps and memoirs dealing with East Anglia and adjoining areas.</subfield>
  </datafield>
  <datafield tag="508" ind1=" " ind2=" ">
    <subfield code="a">At head of title: Institute of Geological Sciences.</subfield>
  </datafield>
  <datafield tag="650" ind1=" " ind2="0">
    <subfield code="a">Geology</subfield>
    <subfield code="z">England</subfield>
    <subfield code="z">East Anglia.</subfield>
  </datafield>
  <datafield tag="650" ind1=" " ind2="0">
    <subfield code="a">Petrology</subfield>
    <subfield code="z">England</subfield>
    <subfield code="z">East Anglia.</subfield>
  </datafield>
  <datafield tag="650" ind1=" " ind2="0">
    <subfield code="a">Prehistoric peoples</subfield>
    <subfield code="z">England</subfield>
    <subfield code="z">East Anglia.</subfield>
  </datafield>
  <datafield tag="650" ind1=" " ind2="0">
    <subfield code="a">Paleontology</subfield>
    <subfield code="z">England</subfield>
    <subfield code="z">East Anglia.</subfield>
  </datafield>
  <datafield tag="650" ind1=" " ind2="7">
    <subfield code="a">Geologia regional</subfield>
    <subfield code="z">Inglaterra.</subfield>
    <subfield code="2">larpcal</subfield>
  </datafield>
  <datafield tag="710" ind1="2" ind2=" ">
    <subfield code="a">Geological Survey of Great Britain.</subfield>
  </datafield>
  <datafield tag="710" ind1="2" ind2=" ">
    <subfield code="a">Museum of Practical Geology (Great Britain)</subfield>
  </datafield>
  <datafield tag="740" ind1="0" ind2="1">
    <subfield code="a">East Anglia and adjoining areas.</subfield>
  </datafield>
  <datafield tag="776" ind1="0" ind2="8">
    <subfield code="i">Online version:</subfield>
    <subfield code="a">Chatwin, C. P. (Charles Panzetta), 1887-</subfield>
    <subfield code="t">British regional geology.</subfield>
    <subfield code="b">4th ed.</subfield>
    <subfield code="d">London, H.M. Stationery Off., 1961</subfield>
    <subfield code="w">(OCoLC)612038039</subfield>
  </datafield>
  <datafield tag="938" ind1=" " ind2=" ">
    <subfield code="a">Baker and Taylor</subfield>
    <subfield code="b">BTCP</subfield>
    <subfield code="n">gs 61000057 //r983</subfield>
  </datafield>
</record>