<record xmlns="http://www.loc.gov/MARC21/slim">
<!-- Indicator length at offset 10 should hold a digit. Assuming 2 -->
<!-- Identifier length at offset 11 should hold a digit. Assuming 2 -->
<!-- Length data entry at offset 20 should hold a digit. Assuming 4 -->
<!-- Length starting at offset 21 should hold a digit. Assuming 5 -->
<!-- Length implementation at offset 22 should hold a digit. Assuming 0 -->
  <leader>00648cgm a2200157I  450 </leader>
  <controlfield tag="001">1252570</controlfield>
  <controlfield tag="008">750404s1975    xx ---            vueng d</controlfield>
  <datafield tag="040" ind1=" " ind2=" ">
    <subfield code="a">CHS</subfield>
    <subfield code="b">eng</subfield>
    <subfield code="c">CHS</subfield>
    <subfield code="d">OCL</subfield>
    <subfield code="d">OCLCQ</subfield>
    <subfield code="d">OCLCG</subfield>
    <subfield code="d">OCLCQ</subfield>
  </datafield>
  <datafield tag="245" ind1="0" ind2="0">
    <subfield code="a">Cardiovascular experimentation - surgery, anatomy and equipment</subfield>
    <subfield code="h">[videorecording].</subfield>
  </datafield>
  <datafield tag="246" ind1="3" ind2=" ">
    <subfield code="a">Dog lab, Phase Two, Part I</subfield>
  </datafield>
  <datafield tag="261" ind1=" " ind2=" ">
    <subfield code="f">Cleveland,</subfield>
    <subfield code="b">Health Sciences Communication Center, Case Western Reserve University,</subfield>
    <subfield code="d">1975.</subfield>
  </datafield>
  <datafield tag="300" ind1=" " ind2=" ">
    <subfield code="a">33 min.</subfield>
    <subfield code="b">sd., col.</subfield>
    <subfield code="c">3/4 in. U-matic cassette videtape.</subfield>
  </datafield>
  <datafield tag="508" ind1=" " ind2=" ">
    <subfield code="a">Matthew N. Levy, M.D.</subfield>
  </datafield>
  <datafield tag="500" ind1=" " ind2=" ">
    <subfield code="a">Also called Dog lab, Phase Two, Part I.</subfield>
  </datafield>
  <datafield tag="650" ind1=" " ind2="2">
    <subfield code="a">Cardiovascular System.</subfield>
  </datafield>
  <datafield tag="700" ind1="1" ind2=" ">
    <subfield code="a">Levy, Matthew N.,</subfield>
    <subfield code="d">1922-</subfield>
  </datafield>
</record>