<record xmlns="http://www.loc.gov/MARC21/slim">
<!-- Indicator length at offset 10 should hold a digit. Assuming 2 -->
<!-- Identifier length at offset 11 should hold a digit. Assuming 2 -->
<!-- Length data entry at offset 20 should hold a digit. Assuming 4 -->
<!-- Length starting at offset 21 should hold a digit. Assuming 5 -->
<!-- Length implementation at offset 22 should hold a digit. Assuming 0 -->
  <leader>00671cgm a2200145I  450 </leader>
  <controlfield tag="001">1394841</controlfield>
  <controlfield tag="008">750617s1968    xx ---            vueng d</controlfield>
  <datafield tag="040" ind1=" " ind2=" ">
    <subfield code="a">CHS</subfield>
    <subfield code="b">eng</subfield>
    <subfield code="c">CHS</subfield>
    <subfield code="d">OCL</subfield>
    <subfield code="d">OCLCQ</subfield>
  </datafield>
  <datafield tag="245" ind1="0" ind2="0">
    <subfield code="a">Dental instrument sharpening</subfield>
    <subfield code="h">[videorecording].</subfield>
  </datafield>
  <datafield tag="261" ind1=" " ind2=" ">
    <subfield code="a">Ft. Sam Houston, Texas,</subfield>
    <subfield code="b">Television Division, Brooke Army Medical Center,</subfield>
    <subfield code="d">1968.</subfield>
  </datafield>
  <datafield tag="300" ind1=" " ind2=" ">
    <subfield code="a">9 min.</subfield>
    <subfield code="b">sd., col.</subfield>
    <subfield code="c">3/4 in. U-matic cassette videotape.</subfield>
  </datafield>
  <datafield tag="508" ind1=" " ind2=" ">
    <subfield code="a">Dental Science Division, U.S. Army Medical Field Service School, Ft. Sam Houston, Texas.</subfield>
  </datafield>
  <datafield tag="520" ind1=" " ind2=" ">
    <subfield code="a">Proper methods and technics of sharpening dental hand instruments and various sharpening stones.</subfield>
  </datafield>
  <datafield tag="650" ind1=" " ind2="2">
    <subfield code="a">Dental Instruments.</subfield>
  </datafield>
  <datafield tag="710" ind1="2" ind2=" ">
    <subfield code="a">Brooke Army Medical Center.</subfield>
  </datafield>
</record>