<record xmlns="http://www.loc.gov/MARC21/slim">
<!-- Indicator length at offset 10 should hold a digit. Assuming 2 -->
<!-- Identifier length at offset 11 should hold a digit. Assuming 2 -->
<!-- Length data entry at offset 20 should hold a digit. Assuming 4 -->
<!-- Length starting at offset 21 should hold a digit. Assuming 5 -->
<!-- Length implementation at offset 22 should hold a digit. Assuming 0 -->
  <leader>00728cjm a2200181I  450 </leader>
  <controlfield tag="001">1915769</controlfield>
  <controlfield tag="007">ss |s|||b|||||</controlfield>
  <controlfield tag="008">760107s1963    xx syn              zxx d</controlfield>
  <datafield tag="040" ind1=" " ind2=" ">
    <subfield code="a">DGW</subfield>
    <subfield code="c">DGW</subfield>
    <subfield code="d">OCL</subfield>
    <subfield code="d">OCLCQ</subfield>
    <subfield code="d">OCLCG</subfield>
  </datafield>
  <datafield tag="100" ind1="1" ind2=" ">
    <subfield code="a">Beethoven, Ludwig van,</subfield>
    <subfield code="d">1770-1827.</subfield>
  </datafield>
  <datafield tag="240" ind1="1" ind2="0">
    <subfield code="a">Symphonies,</subfield>
    <subfield code="n">no. 4, op. 60,</subfield>
    <subfield code="r">B♭ major</subfield>
  </datafield>
  <datafield tag="245" ind1="1" ind2="0">
    <subfield code="a">Symphonie Nr. 4, B-dur, op. 60</subfield>
    <subfield code="h">[sound recording]</subfield>
    <subfield code="b">Symphonie Nr. 5, C-moll, op. 67.</subfield>
  </datafield>
  <datafield tag="262" ind1=" " ind2=" ">
    <subfield code="b">Deutsche Grammophon</subfield>
    <subfield code="c">3308 003.</subfield>
    <subfield code="d">[p1963]</subfield>
  </datafield>
  <datafield tag="305" ind1=" " ind2=" ">
    <subfield code="a">1 cassette.</subfield>
    <subfield code="b">4 track.</subfield>
    <subfield code="e">stereo.</subfield>
  </datafield>
  <datafield tag="511" ind1=" " ind2=" ">
    <subfield code="a">Berliner Philharmoniker; Herbert von Karajan, conductor.</subfield>
  </datafield>
  <datafield tag="500" ind1=" " ind2=" ">
    <subfield code="a">Another issue.  2 cassettes.  GWU, 1975.</subfield>
  </datafield>
  <datafield tag="650" ind1=" " ind2="0">
    <subfield code="a">Symphonies.</subfield>
  </datafield>
  <datafield tag="700" ind1="1" ind2=" ">
    <subfield code="a">Beethoven, Ludwig van,</subfield>
    <subfield code="d">1770-1827.</subfield>
    <subfield code="t">Symphonies,</subfield>
    <subfield code="n">no. 5, op. 67,</subfield>
    <subfield code="r">C minor.</subfield>
  </datafield>
</record>