<record xmlns="http://www.loc.gov/MARC21/slim">
<!-- Indicator length at offset 10 should hold a digit. Assuming 2 -->
<!-- Identifier length at offset 11 should hold a digit. Assuming 2 -->
<!-- Length data entry at offset 20 should hold a digit. Assuming 4 -->
<!-- Length starting at offset 21 should hold a digit. Assuming 5 -->
<!-- Length implementation at offset 22 should hold a digit. Assuming 0 -->
  <leader>00784cgm a22002291  450 </leader>
  <controlfield tag="001">2148463</controlfield>
  <controlfield tag="007">go c|||f|</controlfield>
  <controlfield tag="008">721221s1969    xxu037 c          fneng c</controlfield>
  <datafield tag="010" ind1=" " ind2=" ">
    <subfield code="a">   72735915 </subfield>
  </datafield>
  <datafield tag="040" ind1=" " ind2=" ">
    <subfield code="a">Troll Associates</subfield>
    <subfield code="c">DLC</subfield>
    <subfield code="d">OCL</subfield>
  </datafield>
  <datafield tag="050" ind1="1" ind2="0">
    <subfield code="a">BF299.O7</subfield>
  </datafield>
  <datafield tag="082" ind1="1" ind2="0">
    <subfield code="a">372.24</subfield>
  </datafield>
  <datafield tag="245" ind1="0" ind2="0">
    <subfield code="a">Up, down, and all around.</subfield>
    <subfield code="h">[Filmstrip]</subfield>
  </datafield>
  <datafield tag="261" ind1=" " ind2=" ">
    <subfield code="a">Troll Associates,</subfield>
    <subfield code="d">1969.</subfield>
  </datafield>
  <datafield tag="300" ind1=" " ind2=" ">
    <subfield code="a">37 fr.</subfield>
    <subfield code="b">color.</subfield>
    <subfield code="c">35 mm.</subfield>
  </datafield>
  <datafield tag="508" ind1=" " ind2=" ">
    <subfield code="a">Author, Bertha Sickels.</subfield>
  </datafield>
  <datafield tag="520" ind1=" " ind2=" ">
    <subfield code="a">Uses animal stories to teach children the basic concepts of top and bottom, near and far, and up and down. With captions. For elementary grades.</subfield>
  </datafield>
  <datafield tag="650" ind1=" " ind2="0">
    <subfield code="a">Orientation (Psychology)</subfield>
    <subfield code="v">Juvenile films.</subfield>
  </datafield>
  <datafield tag="650" ind1=" " ind2="0">
    <subfield code="a">Child psychology</subfield>
    <subfield code="v">Juvenile films.</subfield>
  </datafield>
  <datafield tag="650" ind1=" " ind2="1">
    <subfield code="a">Animals</subfield>
    <subfield code="v">Fiction.</subfield>
  </datafield>
  <datafield tag="710" ind1="2" ind2=" ">
    <subfield code="a">Troll Associates.</subfield>
  </datafield>
  <datafield tag="994" ind1=" " ind2=" ">
    <subfield code="a">11</subfield>
    <subfield code="b">OCL</subfield>
    <subfield code="i">00000</subfield>
  </datafield>
</record>