<record xmlns="http://www.loc.gov/MARC21/slim">
<!-- Indicator length at offset 10 should hold a digit. Assuming 2 -->
<!-- Identifier length at offset 11 should hold a digit. Assuming 2 -->
<!-- Length data entry at offset 20 should hold a digit. Assuming 4 -->
<!-- Length starting at offset 21 should hold a digit. Assuming 5 -->
<!-- Length implementation at offset 22 should hold a digit. Assuming 0 -->
  <leader>01020cgm a2200241Ia 450 </leader>
  <controlfield tag="001">2149020</controlfield>
  <controlfield tag="007">go cj||f|</controlfield>
  <controlfield tag="008">760430s1968    oncnnn b     f    fneng d</controlfield>
  <datafield tag="010" ind1=" " ind2=" ">
    <subfield code="a">   71733959 </subfield>
  </datafield>
  <datafield tag="040" ind1=" " ind2=" ">
    <subfield code="a">002-006 386</subfield>
    <subfield code="c">NCH</subfield>
    <subfield code="d">EZN</subfield>
  </datafield>
  <datafield tag="092" ind1="1" ind2=" ">
    <subfield code="a">363.3</subfield>
    <subfield code="b">F514</subfield>
    <subfield code="2">11</subfield>
  </datafield>
  <datafield tag="245" ind1="0" ind2="0">
    <subfield code="a">Fire prevention /</subfield>
    <subfield code="c">Dominion Fire Prevention Association.</subfield>
  </datafield>
  <datafield tag="260" ind1=" " ind2=" ">
    <subfield code="a">[Ottawa, Ont.] :</subfield>
    <subfield code="b">National Film Board of Canada ;</subfield>
    <subfield code="a">Detroit, Mich. :</subfield>
    <subfield code="b">distributed by the Jam Handy Organization,</subfield>
    <subfield code="c">c1968.</subfield>
  </datafield>
  <datafield tag="300" ind1=" " ind2=" ">
    <subfield code="a">1 filmstrip (43 fr.) :</subfield>
    <subfield code="b">col. ;</subfield>
    <subfield code="c">35 mm.</subfield>
  </datafield>
  <datafield tag="440" ind1=" " ind2="0">
    <subfield code="a">Junior safety series ;</subfield>
    <subfield code="v">filmstrip 3</subfield>
  </datafield>
  <datafield tag="508" ind1=" " ind2=" ">
    <subfield code="a">Producer, Jack Olsen ; illustrations, J. Simpkins ; coloring, M. Paton.</subfield>
  </datafield>
  <datafield tag="500" ind1=" " ind2=" ">
    <subfield code="a">Captions in the form of dialogue.</subfield>
  </datafield>
  <datafield tag="520" ind1=" " ind2=" ">
    <subfield code="a">Points out fire hazards around the house and explains the elements necessary for a fire to get started.</subfield>
  </datafield>
  <datafield tag="650" ind1=" " ind2="0">
    <subfield code="a">Fire prevention</subfield>
    <subfield code="v">Juvenile films.</subfield>
  </datafield>
  <datafield tag="710" ind1="2" ind2=" ">
    <subfield code="a">Dominion Fire Prevention Association.</subfield>
  </datafield>
  <datafield tag="710" ind1="2" ind2=" ">
    <subfield code="a">Jam Handy Organization, inc.</subfield>
  </datafield>
  <datafield tag="710" ind1="2" ind2=" ">
    <subfield code="a">National Film Board of Canada.</subfield>
  </datafield>
  <datafield tag="994" ind1=" " ind2=" ">
    <subfield code="a">11</subfield>
    <subfield code="b">OCL</subfield>
    <subfield code="i">00588</subfield>
  </datafield>
</record>