<record xmlns="http://www.loc.gov/MARC21/slim">
<!-- Indicator length at offset 10 should hold a digit. Assuming 2 -->
<!-- Identifier length at offset 11 should hold a digit. Assuming 2 -->
<!-- Length data entry at offset 20 should hold a digit. Assuming 4 -->
<!-- Length starting at offset 21 should hold a digit. Assuming 5 -->
<!-- Length implementation at offset 22 should hold a digit. Assuming 0 -->
  <leader>00712cgm a2200205I  450 </leader>
  <controlfield tag="001">2167433</controlfield>
  <controlfield tag="007">go c|||f|</controlfield>
  <controlfield tag="008">760510s1969    nju039 f          fneng c</controlfield>
  <datafield tag="010" ind1=" " ind2=" ">
    <subfield code="a">   76735110 </subfield>
  </datafield>
  <datafield tag="040" ind1=" " ind2=" ">
    <subfield code="a">A. L. A. Booklist</subfield>
    <subfield code="c">NCH</subfield>
    <subfield code="d">OCL</subfield>
  </datafield>
  <datafield tag="082" ind1=" " ind2=" ">
    <subfield code="a">372.3</subfield>
  </datafield>
  <datafield tag="245" ind1="0" ind2="4">
    <subfield code="a">The Busy wind, our invisible friend.</subfield>
    <subfield code="h">(Filmstrip)</subfield>
  </datafield>
  <datafield tag="261" ind1=" " ind2=" ">
    <subfield code="a">Mahwah, N.J.,</subfield>
    <subfield code="b">Troll Associates,</subfield>
    <subfield code="d">1969.</subfield>
  </datafield>
  <datafield tag="300" ind1=" " ind2=" ">
    <subfield code="a">39 fr.</subfield>
    <subfield code="b">color.</subfield>
    <subfield code="c">35 mm.</subfield>
  </datafield>
  <datafield tag="440" ind1=" " ind2="0">
    <subfield code="a">Weather and climate</subfield>
  </datafield>
  <datafield tag="508" ind1=" " ind2=" ">
    <subfield code="a">Author, Lois McRoberts; illustrator, Gloria Fiores.</subfield>
  </datafield>
  <datafield tag="520" ind1=" " ind2=" ">
    <subfield code="a">Describes where the wind comes from, how it moves, and what it can do.  With captions.  For elementary grades.</subfield>
  </datafield>
  <datafield tag="650" ind1=" " ind2="0">
    <subfield code="a">Winds</subfield>
    <subfield code="v">Juvenile films.</subfield>
  </datafield>
  <datafield tag="710" ind1="2" ind2=" ">
    <subfield code="a">Troll Associates.</subfield>
  </datafield>
  <datafield tag="994" ind1=" " ind2=" ">
    <subfield code="a">11</subfield>
    <subfield code="b">OCL</subfield>
    <subfield code="i">00588</subfield>
  </datafield>
</record>