<record xmlns="http://www.loc.gov/MARC21/slim">
<!-- Indicator length at offset 10 should hold a digit. Assuming 2 -->
<!-- Identifier length at offset 11 should hold a digit. Assuming 2 -->
<!-- Length data entry at offset 20 should hold a digit. Assuming 4 -->
<!-- Length starting at offset 21 should hold a digit. Assuming 5 -->
<!-- Length implementation at offset 22 should hold a digit. Assuming 0 -->
  <leader>01350cjm a2200349Ia 450 </leader>
  <controlfield tag="001">2183228</controlfield>
  <controlfield tag="007">sd bsmenn||||e</controlfield>
  <controlfield tag="008">760519s1967    nyusun              zxx  </controlfield>
  <datafield tag="010" ind1=" " ind2=" ">
    <subfield code="a">   73762124 </subfield>
  </datafield>
  <datafield tag="040" ind1=" " ind2=" ">
    <subfield code="a">DLC</subfield>
    <subfield code="c">KSU</subfield>
    <subfield code="d">OCL</subfield>
    <subfield code="d">OCLCQ</subfield>
    <subfield code="d">IXA</subfield>
  </datafield>
  <datafield tag="028" ind1="0" ind2="2">
    <subfield code="a">SPC 21023</subfield>
    <subfield code="b">London</subfield>
  </datafield>
  <datafield tag="050" ind1=" " ind2="4">
    <subfield code="a">M1003.B59</subfield>
    <subfield code="b">C3 1967</subfield>
  </datafield>
  <datafield tag="082" ind1="0" ind2="4">
    <subfield code="a">780.0711</subfield>
  </datafield>
  <datafield tag="100" ind1="1" ind2=" ">
    <subfield code="a">Bizet, Georges,</subfield>
    <subfield code="d">1838-1875.</subfield>
  </datafield>
  <datafield tag="240" ind1="1" ind2="0">
    <subfield code="a">Carmen.</subfield>
    <subfield code="k">Selections</subfield>
  </datafield>
  <datafield tag="245" ind1="1" ind2="0">
    <subfield code="a">Carmen</subfield>
    <subfield code="h">[sound recording]</subfield>
    <subfield code="b">suite. L'Arlésienne; suite.</subfield>
  </datafield>
  <datafield tag="260" ind1=" " ind2=" ">
    <subfield code="a">New York, N.Y. :</subfield>
    <subfield code="b">London</subfield>
    <subfield code="c">[1967?]</subfield>
  </datafield>
  <datafield tag="300" ind1=" " ind2=" ">
    <subfield code="a">1 sound disc</subfield>
    <subfield code="b">analog,  33 1/3 rpm, stereo. ;</subfield>
    <subfield code="c">12 in</subfield>
  </datafield>
  <datafield tag="490" ind1="0" ind2=" ">
    <subfield code="a">Phase 4 stereo concert series</subfield>
  </datafield>
  <datafield tag="511" ind1=" " ind2=" ">
    <subfield code="a">New Philharmonia Orchestra; Charles Munch, conductor.</subfield>
  </datafield>
  <datafield tag="500" ind1=" " ind2=" ">
    <subfield code="a">Durations: 21 min., 10 sec.; 24 min., 17 sec.</subfield>
  </datafield>
  <datafield tag="500" ind1=" " ind2=" ">
    <subfield code="a">Program notes by R. Sherman on album.</subfield>
  </datafield>
  <datafield tag="500" ind1=" " ind2=" ">
    <subfield code="a">The L'Arlésienne suite: Prelude. Minuetto. Adagietto. Carillon (from the 1st suite). Farandole (from the 2d suite).</subfield>
  </datafield>
  <datafield tag="650" ind1=" " ind2="0">
    <subfield code="a">Suites (Orchestra)</subfield>
  </datafield>
  <datafield tag="650" ind1=" " ind2="0">
    <subfield code="a">Operas</subfield>
    <subfield code="v">Excerpts.</subfield>
  </datafield>
  <datafield tag="650" ind1=" " ind2="0">
    <subfield code="a">Suites (Orchestra)</subfield>
    <subfield code="v">Excerpts.</subfield>
  </datafield>
  <datafield tag="650" ind1=" " ind2="0">
    <subfield code="a">Incidental music</subfield>
    <subfield code="v">Excerpts.</subfield>
  </datafield>
  <datafield tag="700" ind1="1" ind2=" ">
    <subfield code="a">Munch, Charles,</subfield>
    <subfield code="d">1891-1968.</subfield>
  </datafield>
  <datafield tag="700" ind1="1" ind2="2">
    <subfield code="a">Bizet, Georges,</subfield>
    <subfield code="d">1838-1875.</subfield>
    <subfield code="t">Arlésienne.</subfield>
    <subfield code="p">Suite.</subfield>
  </datafield>
  <datafield tag="700" ind1="1" ind2="2">
    <subfield code="a">Bizet, Georges,</subfield>
    <subfield code="d">1838-1875.</subfield>
    <subfield code="t">Arlésienne.</subfield>
    <subfield code="k">Selections;</subfield>
    <subfield code="o">arr.</subfield>
  </datafield>
  <datafield tag="710" ind1="2" ind2=" ">
    <subfield code="a">New Philharmonia Orchestra.</subfield>
  </datafield>
  <datafield tag="740" ind1="0" ind2="2">
    <subfield code="a">Arlésienne.</subfield>
  </datafield>
</record>