<record xmlns="http://www.loc.gov/MARC21/slim">
<!-- Indicator length at offset 10 should hold a digit. Assuming 2 -->
<!-- Identifier length at offset 11 should hold a digit. Assuming 2 -->
<!-- Length data entry at offset 20 should hold a digit. Assuming 4 -->
<!-- Length starting at offset 21 should hold a digit. Assuming 5 -->
<!-- Length implementation at offset 22 should hold a digit. Assuming 0 -->
  <leader>00823cjm a2200229I  450 </leader>
  <controlfield tag="001">2216274</controlfield>
  <controlfield tag="008">760608s1969    xx zzn              zxx d</controlfield>
  <controlfield tag="007">sd bume|||||||</controlfield>
  <datafield tag="040" ind1=" " ind2=" ">
    <subfield code="a">KSU</subfield>
    <subfield code="c">KSU</subfield>
    <subfield code="d">OCL</subfield>
    <subfield code="d">OCLCQ</subfield>
    <subfield code="d">OCLCG</subfield>
  </datafield>
  <datafield tag="041" ind1="0" ind2=" ">
    <subfield code="e">enggerpolrus</subfield>
  </datafield>
  <datafield tag="100" ind1="1" ind2=" ">
    <subfield code="a">Penderecki, Krzysztof,</subfield>
    <subfield code="d">1933-</subfield>
  </datafield>
  <datafield tag="240" ind1="1" ind2="0">
    <subfield code="a">Quartets,</subfield>
    <subfield code="m">strings,</subfield>
    <subfield code="n">no. 1</subfield>
  </datafield>
  <datafield tag="245" ind1="0" ind2="0">
    <subfield code="a">Kwartet symczkowy</subfield>
    <subfield code="h">[sound recording].</subfield>
  </datafield>
  <datafield tag="260" ind1=" " ind2=" ">
    <subfield code="b">Muza</subfield>
    <subfield code="c">XL 0282.</subfield>
    <subfield code="d">[1969?]</subfield>
  </datafield>
  <datafield tag="305" ind1=" " ind2=" ">
    <subfield code="a">on side 1 of 1 disc.</subfield>
    <subfield code="b">33 1/3 rpm.</subfield>
    <subfield code="c">12 in.</subfield>
  </datafield>
  <datafield tag="500" ind1=" " ind2=" ">
    <subfield code="a">Title from container.</subfield>
  </datafield>
  <datafield tag="511" ind1=" " ind2=" ">
    <subfield code="a">LaSalle Quartet.</subfield>
  </datafield>
  <datafield tag="500" ind1=" " ind2=" ">
    <subfield code="a">Program notes by Bohdan Pociej in Polish, with English translation, on container.</subfield>
  </datafield>
  <datafield tag="500" ind1=" " ind2=" ">
    <subfield code="a">Labels in Russian.</subfield>
  </datafield>
  <datafield tag="501" ind1=" " ind2=" ">
    <subfield code="a">With: Webern, Anton von. Sätze, string quartet, op. 5.--Lutoslawski, Witold. Quartet, strings.</subfield>
  </datafield>
  <datafield tag="650" ind1=" " ind2="0">
    <subfield code="a">String quartets.</subfield>
  </datafield>
  <datafield tag="710" ind1="2" ind2=" ">
    <subfield code="a">LaSalle Quartet.</subfield>
  </datafield>
</record>