<record xmlns="http://www.loc.gov/MARC21/slim">
<!-- Indicator length at offset 10 should hold a digit. Assuming 2 -->
<!-- Identifier length at offset 11 should hold a digit. Assuming 2 -->
<!-- Length data entry at offset 20 should hold a digit. Assuming 4 -->
<!-- Length starting at offset 21 should hold a digit. Assuming 5 -->
<!-- Length implementation at offset 22 should hold a digit. Assuming 0 -->
  <leader>01019cjm a2200265I  450 </leader>
  <controlfield tag="001">2271080</controlfield>
  <controlfield tag="008">760621s1971    xx   n              zxx  </controlfield>
  <controlfield tag="007">sd bsme|||||||</controlfield>
  <datafield tag="010" ind1=" " ind2=" ">
    <subfield code="a">   70765202 </subfield>
  </datafield>
  <datafield tag="040" ind1=" " ind2=" ">
    <subfield code="a">DLC</subfield>
    <subfield code="c">KSU</subfield>
    <subfield code="d">OCL</subfield>
    <subfield code="d">OCLCQ</subfield>
    <subfield code="d">OCLCG</subfield>
    <subfield code="d">BOS</subfield>
    <subfield code="d">ESR</subfield>
  </datafield>
  <datafield tag="019" ind1=" " ind2=" ">
    <subfield code="a">3585198</subfield>
    <subfield code="a">42558822</subfield>
  </datafield>
  <datafield tag="028" ind1="0" ind2="0">
    <subfield code="a">3306</subfield>
    <subfield code="b">Everest</subfield>
  </datafield>
  <datafield tag="029" ind1="1" ind2=" ">
    <subfield code="a">AU@</subfield>
    <subfield code="b">000024134071</subfield>
  </datafield>
  <datafield tag="043" ind1=" " ind2=" ">
    <subfield code="a">a-ja---</subfield>
  </datafield>
  <datafield tag="050" ind1="1" ind2="4">
    <subfield code="a">M990</subfield>
    <subfield code="b">.M287M</subfield>
  </datafield>
  <datafield tag="245" ind1="0" ind2="0">
    <subfield code="a">18th century traditional music of Japan</subfield>
    <subfield code="h">[sound recording] ;</subfield>
    <subfield code="b">Koto music of the Edo period.</subfield>
  </datafield>
  <datafield tag="262" ind1=" " ind2=" ">
    <subfield code="b">Everest</subfield>
    <subfield code="c">SDBR 3306.</subfield>
    <subfield code="d">[1971]</subfield>
  </datafield>
  <datafield tag="305" ind1=" " ind2=" ">
    <subfield code="a">2 s.</subfield>
    <subfield code="b">33 1/3 rpm. stereo.</subfield>
    <subfield code="c">12 in.</subfield>
  </datafield>
  <datafield tag="500" ind1=" " ind2=" ">
    <subfield code="a">Keiko Matsuo, koto, and her ensemble.</subfield>
  </datafield>
  <datafield tag="500" ind1=" " ind2=" ">
    <subfield code="a">Program notes on container.</subfield>
  </datafield>
  <datafield tag="505" ind1="0" ind2=" ">
    <subfield code="a">Rokudan no shirabe.--Chidori no kyoku.--Midare.--Aki no kotonoha.--Yūgao.--Shōchikubai.--Haru no kyoku.--Miyama jishi.--Yae goromo.--Akikaze no kyoku.--Iso-chidori.--Godan ginuta.--Yachiyo jishi.</subfield>
  </datafield>
  <datafield tag="511" ind1="0" ind2=" ">
    <subfield code="a">Keiko Matsuo and her ensemble.</subfield>
  </datafield>
  <datafield tag="650" ind1=" " ind2="0">
    <subfield code="a">Koto music.</subfield>
  </datafield>
  <datafield tag="650" ind1=" " ind2="0">
    <subfield code="a">Music</subfield>
    <subfield code="z">Japan.</subfield>
  </datafield>
  <datafield tag="700" ind1="1" ind2=" ">
    <subfield code="a">Matsuo, Keiko,</subfield>
    <subfield code="d">1916-</subfield>
  </datafield>
</record>