<record xmlns="http://www.loc.gov/MARC21/slim">
<!-- Indicator length at offset 10 should hold a digit. Assuming 2 -->
<!-- Identifier length at offset 11 should hold a digit. Assuming 2 -->
<!-- Length data entry at offset 20 should hold a digit. Assuming 4 -->
<!-- Length starting at offset 21 should hold a digit. Assuming 5 -->
<!-- Length implementation at offset 22 should hold a digit. Assuming 0 -->
  <leader>02330cjm a2200373I  450 </leader>
  <controlfield tag="001">2312714</controlfield>
  <controlfield tag="007">sd bsmenn|||||</controlfield>
  <controlfield tag="008">760715s1965    xxuopn   di         ger d</controlfield>
  <datafield tag="040" ind1=" " ind2=" ">
    <subfield code="a">KSU</subfield>
    <subfield code="c">KSU</subfield>
    <subfield code="d">OCL</subfield>
    <subfield code="d">IUL</subfield>
    <subfield code="d">OCLCQ</subfield>
    <subfield code="d">OCLCG</subfield>
  </datafield>
  <datafield tag="028" ind1="0" ind2="3">
    <subfield code="a">S35696</subfield>
    <subfield code="b">Angel Records</subfield>
  </datafield>
  <datafield tag="041" ind1="0" ind2=" ">
    <subfield code="d">ger</subfield>
    <subfield code="e">engger</subfield>
    <subfield code="h">ger</subfield>
    <subfield code="g">eng</subfield>
  </datafield>
  <datafield tag="050" ind1=" " ind2="4">
    <subfield code="a">M1505.S38</subfield>
    <subfield code="b">E4</subfield>
  </datafield>
  <datafield tag="082" ind1=" " ind2="4">
    <subfield code="a">782.152</subfield>
  </datafield>
  <datafield tag="245" ind1="0" ind2="0">
    <subfield code="a">Elisabeth Schwarzkopf sings operetta.</subfield>
    <subfield code="h">[sound recording].</subfield>
  </datafield>
  <datafield tag="262" ind1=" " ind2=" ">
    <subfield code="b">Angel Records</subfield>
    <subfield code="c">S35696.</subfield>
    <subfield code="d">[1965?]</subfield>
  </datafield>
  <datafield tag="305" ind1=" " ind2=" ">
    <subfield code="a">1 disc.</subfield>
    <subfield code="b">33 1/3 rpm. stereo.</subfield>
    <subfield code="c">12 in.</subfield>
  </datafield>
  <datafield tag="500" ind1=" " ind2=" ">
    <subfield code="a">Title from container.</subfield>
  </datafield>
  <datafield tag="500" ind1=" " ind2=" ">
    <subfield code="a">Sung in German.</subfield>
  </datafield>
  <datafield tag="511" ind1="0" ind2=" ">
    <subfield code="a">Elisabeth Schwarzkopf, soprano; Philharmonia Orchestra with chorus; Otto Ackermann, conductor.</subfield>
  </datafield>
  <datafield tag="500" ind1=" " ind2=" ">
    <subfield code="a">Texts, with English translations and program notes by William Mann ([12] p.) inserted in container.</subfield>
  </datafield>
  <datafield tag="505" ind1="0" ind2=" ">
    <subfield code="a">Heuberger, R. Opernball: Im chambre séparée.--Zeller, C. Vogelhändler: Ich bin die Christel von der Post; Schenkt man sich Rosen in Tirol--Lehar, F. Zarewitsch. Einer wird kommen; Der Graf von Luxembourg: Hoch evoë, Angèle Didier.--Benatzky, R. (arr. J. Strauss). Casanova: Nuns' chorus.--Millöcker, K. Dubarry: Ich schenk mein Herz; Was ich im Leben beginne.--Von Suppé, F. Boccaccio: Fiametta's song.--Lehar, F. Der Graf von Luxembourg. Heut, noch werd ich Ehefrau.--Zeller, C. Obersteiger: Sei nich bös.--Leher, F. Giuditta: Meine Lippen sie küssen so heiss.--Sieczynsky, R. Wien, Stadt meiner träume.</subfield>
  </datafield>
  <datafield tag="650" ind1=" " ind2="0">
    <subfield code="a">Operas</subfield>
    <subfield code="v">Excerpts.</subfield>
  </datafield>
  <datafield tag="700" ind1="1" ind2=" ">
    <subfield code="a">Schwarzkopf, Elisabeth.</subfield>
    <subfield code="4">prf</subfield>
  </datafield>
  <datafield tag="700" ind1="1" ind2=" ">
    <subfield code="a">Ackermann, Otto,</subfield>
    <subfield code="d">1909-1960.</subfield>
    <subfield code="4">cnd</subfield>
  </datafield>
  <datafield tag="700" ind1="1" ind2="2">
    <subfield code="a">Heuberger, Richard,</subfield>
    <subfield code="d">1850-1914.</subfield>
    <subfield code="t">Opernball.</subfield>
    <subfield code="p">Im chambre séparée.</subfield>
  </datafield>
  <datafield tag="700" ind1="1" ind2="2">
    <subfield code="a">Zeller, Carl,</subfield>
    <subfield code="d">1842-1898.</subfield>
    <subfield code="t">Vogelhändler.</subfield>
    <subfield code="p">Ich bin die Christel von der Post.</subfield>
  </datafield>
  <datafield tag="700" ind1="1" ind2="2">
    <subfield code="a">Zeller, Carl,</subfield>
    <subfield code="d">1842-1898.</subfield>
    <subfield code="t">Vogelhändler.</subfield>
    <subfield code="p">Schenkt man sich Rosen in Tirol.</subfield>
  </datafield>
  <datafield tag="700" ind1="1" ind2="2">
    <subfield code="a">Lehár, Franz,</subfield>
    <subfield code="d">1870-1948.</subfield>
    <subfield code="t">Operas.</subfield>
    <subfield code="k">Selections.</subfield>
  </datafield>
  <datafield tag="700" ind1="1" ind2="2">
    <subfield code="a">Benatzky, Ralph,</subfield>
    <subfield code="d">1884-1957.</subfield>
    <subfield code="t">Casanova.</subfield>
    <subfield code="p">Nuns' chorus.</subfield>
  </datafield>
  <datafield tag="700" ind1="1" ind2="2">
    <subfield code="a">Millöcker, Carl,</subfield>
    <subfield code="d">1842-1899.</subfield>
    <subfield code="t">Dubarry.</subfield>
    <subfield code="p">Ich schenk' mein Herz.</subfield>
  </datafield>
  <datafield tag="700" ind1="1" ind2="2">
    <subfield code="a">Suppé, Franz von,</subfield>
    <subfield code="d">1819-1895.</subfield>
    <subfield code="t">Boccaccio.</subfield>
    <subfield code="p">Hab' ich nur deine Liebe.</subfield>
  </datafield>
  <datafield tag="700" ind1="1" ind2="2">
    <subfield code="a">Zeller, Carl,</subfield>
    <subfield code="d">1842-1898.</subfield>
    <subfield code="t">Obersteiger.</subfield>
    <subfield code="p">Sei nicht bös.</subfield>
  </datafield>
  <datafield tag="700" ind1="1" ind2="2">
    <subfield code="a">Sieczynski, Rudolf.</subfield>
    <subfield code="t">Wien, du Stadt meiner Träume.</subfield>
  </datafield>
  <datafield tag="710" ind1="2" ind2=" ">
    <subfield code="a">Philharmonia Orchestra (London, England)</subfield>
    <subfield code="4">prf</subfield>
  </datafield>
</record>